2700 3800
562 519 598 557 ns
619 498 786 559 Pass'svsss
970 504 1020 559 115

328 626 365 681 de
387 625 483 694 rebus,
507 642 573 681 cum
594 625 696 681 dicunt
716 624 792 700 quod
815 635 876 682 tota
890 625 1022 681 doctrina

329 705 433 761 salutis
451 715 502 774 est,
533 704 597 760 sine
621 703 682 760 ullo
703 705 826 779 require,
847 715 979 761 contenta
994 704 1022 760 in

329 784 437 841 sanctis
450 783 621 858 Scripturis.
645 785 750 858 Itaque
769 785 845 859 quod
862 785 966 840 attinet
984 783 1023 838 ad

330 863 518 938 Baptismum
537 863 744 937 parvulorum,
774 863 825 938 qui
845 874 888 920 est
907 865 1022 939 primus

328 952 450 1017 punctus
477 958 563 1017 quem
588 951 619 998 tu
647 942 766 999 adducis
785 960 826 998 ex
845 944 1020 1019 Augustino

333 1022 398 1077 lene
422 1020 532 1078 uellent
558 1022 639 1111 quod
660 1022 759 1077 omnia
781 1039 845 1097 qua
865 1022 1022 1112 defenditis

332 1111 423 1157 essent
436 1100 560 1169 similia,
577 1100 701 1175 quiasic
721 1112 795 1159 esset
815 1101 886 1157 bona
901 1120 965 1194 pax
978 1102 1022 1156 in·

332 1191 376 1236 tra
394 1197 456 1237 nos
475 1181 559 1236 Nam
575 1181 745 1254 Baptismus
757 1175 952 1255 insontium,
934 1197 1024 1256 piran-

332 1260 373 1317 ris
389 1277 448 1316 non
467 1258 508 1315 sit
527 1276 686 1333 expressus
705 1259 734 1315 in
757 1276 843 1316 sacra
856 1260 1020 1336 Scriptura

333 1339 414 1395 tabet
429 1348 527 1394 tamen
540 1338 699 1413 manifesta
717 1348 746 1395 et
755 1338 937 1414 firmissima
946 1341 1022 1414 sun·

333 1418 467 1490 lamenta
497 1417 526 1472 in
554 1434 619 1472 ea:
647 1417 724 1474 sicut
744 1417 854 1482 (dicunt
873 1418 933 1490 isti)
957 1436 1022 1474 cum

333 1506 578 1573 argumentamur
586 1513 605 1552 a
621 1496 840 1554 Circuncisione
852 1498 891 1553 ad
902 1498 1023 1574 Baptis-

334 1594 409 1631 mum
419 1596 428 1630 :
439 1584 543 1632 etcum
554 1575 634 1631 dixit
644 1575 798 1646 Dominus,
812 1575 906 1633 Sinite
916 1594 1024 1650 pueros

334 1656 367 1710 ad
387 1672 437 1710 me
454 1652 568 1725 venire,
593 1664 623 1710 et
640 1665 748 1710 caetera
768 1656 941 1730 htp'usmodi,
961 1656 1025 1712 sine

334 1734 435 1808 quibus
455 1750 511 1789 non
533 1734 714 1808 reciperetur
737 1735 826 1790 etiam
854 1736 1024 1810 Baptismus

337 1812 507 1887 infantium,
541 1830 631 1888 neque
655 1818 786 1887 'unquam
826 1825 901 1872 esset
930 1815 1022 1870 intro-

337 1892 434 1950 ductus
456 1892 485 1948 in
509 1892 674 1950 Ecclesiam
696 1892 762 1949 Dei.
781 1894 829 1951 De
847 1913 902 1950 non
921 1893 1025 1968 rebap-

339 1971 457 2045 tipandis
485 1982 582 2028 autem
606 1973 761 2039 haereticis,
789 1974 910 2047 questio
938 1974 1025 2029 etiam

339 2051 455 2107 soluitur
465 2068 522 2126 per
542 2051 725 2126 Scripturas,
747 2053 823 2109 sicut
845 2062 968 2128 apparet
986 2071 1027 2108 ex

341 2127 417 2186 libris
425 2129 522 2204 sactis
543 2129 633 2186 etiam
656 2140 756 2187 nostro
778 2141 907 2207 tempore
925 2142 1027 2187 contra

342 2208 551 2298 Anabaptistas.
568 2209 611 2264 Et
624 2208 723 2264 dicunt
733 2211 891 2283 praelibati,
909 2210 1025 2285 quod
997 2227 1023 2265 sl

343 2302 389 2341 non
403 2296 479 2343 esset
492 2287 551 2343 nisi
569 2304 626 2343 una
641 2286 762 2344 traditio
777 2290 862 2358 nuda,
880 2307 935 2345 non
949 2297 1024 2344 esset

344 2365 406 2422 satis
433 2365 504 2421 bene
522 2365 653 2439 fundata
679 2376 779 2422 contra
805 2368 933 2424 rationes
953 2384 1024 2441 quas

287 2498 289 2503 ,
345 2443 445 2530 allegat
455 2445 637 2520 Cyprianus
647 2445 780 2519 Sedquia
793 2458 823 2503 tu
833 2447 898 2502 inde
906 2447 1025 2522 colligis

287 2528 289 2533 '
347 2519 369 2577 in
393 2541 509 2598 genere,
537 2524 613 2598 quod
638 2526 857 2583 consuetudines
884 2527 1025 2582 Ecclesia

347 2602 414 2658 circa
434 2603 542 2678 gregis
563 2603 775 2674 administeria,
792 2604 966 2660 credendum
981 2615 1025 2662 est

348 2695 380 2734 ex
391 2681 596 2756 Apostolorum
613 2681 761 2757 prodiisse
779 2685 943 2753 traditione,
961 2684 1024 2740 Do-

350 2759 413 2816 mina
424 2762 546 2836 Nuper·
532 2761 736 2818 P-rasidens:
748 2774 827 2818 certe
844 2763 913 2819 bene
926 2764 1026 2820 dicunt

350 2839 412 2908 quod
436 2850 467 2896 tu
494 2839 572 2896 male
597 2840 770 2918 syllogipas,
806 2843 874 2916 quia
901 2853 932 2898 tu
955 2843 1025 2919 plus

350 2919 461 2976 assumis
475 2920 505 2976 in
523 2919 704 2977 conclusione
728 2938 814 2995 quam
832 2921 1024 2996 probaveris:

351 3003 373 3048 tl
383 2999 454 3070 quod
470 2999 524 3056 icoc
542 3000 626 3055 modo
641 3009 671 3054 tu
686 3016 717 3056 es
730 3011 849 3075 apertus
863 3001 1024 3057 calumnia-
