2700 3800
561 525 598 563 ns:
618 503 784 565 Ριεέιινιιιιτ
964 525 1011 562 ιιι

339 645 386 705 qua
398 648 431 687 re
452 630 521 687 bene
538 629 626 687 uellet
639 630 771 687 dominus
783 629 1017 705 Nuper-Prasi-

336 709 396 766 lens
411 710 506 785 ipsum
528 708 643 766 imitari
656 708 684 765 si
692 719 798 784 posset,
817 707 917 784 potius
929 725 1016 783 quam

295 812 297 816 ⁷
335 789 359 844 in
371 788 503 846 omnibus
516 788 594 858 aliis,
609 797 643 845 ut
655 805 711 864 ego
725 788 819 845 eredo.
831 789 891 845 Sed
904 787 1017 863 quando

334 869 466 927 Cltristus
492 868 622 943 loquitur
647 867 683 923 de
710 868 872 923 imitatione
898 867 958 936 sui,
989 877 1017 923 et

297 939 301 954 ¹
331 948 413 1016 etiam
437 948 563 1016 Paulus,
580 964 724 1022 nunquam
740 946 866 1022 loquitur
880 946 916 1003 de
935 948 1016 1018 Qua-

330 1026 499 1104 dragesima
517 1036 547 1082 et
559 1026 726 1100 hujusmodi
747 1026 844 1082 stultis
861 1025 1016 1102 singeriis:

329 1121 416 1181 neque
443 1105 481 1161 de
504 1105 662 1166 Dominica
681 1104 835 1180 passionis,
865 1122 956 1179 neque
982 1104 1018 1159 de

329 1194 442 1260 quarta,
457 1193 489 1241 et
497 1194 585 1241 sexta
587 1183 682 1260 seria,
699 1185 751 1239 sed
765 1184 893 1258 loquitur
906 1183 943 1239 cle
957 1192 1017 1238 tota

329 1264 386 1320 r'ita
400 1272 512 1334 nostra,
527 1280 592 1339 quae
600 1263 683 1319 debet
690 1280 752 1320 esse
766 1263 904 1339 regulata
917 1279 1017 1319 secun-

329 1343 394 1400 dum
408 1342 588 1400 uoluntatem
597 1342 657 1398 Dei
668 1363 677 1398 :
687 1353 716 1398 et
721 1360 830 1418 ponere
840 1342 911 1399 istas
926 1343 1014 1416 leges,

329 1432 370 1480 est
389 1422 564 1497 Judaiqare,
587 1422 708 1496 quanvis
735 1439 789 1477 non
817 1431 924 1497 negent
943 1420 1018 1496 quod

323 1511 467 1578 'perpetuo
502 1500 687 1558 Christianus
727 1500 810 1556 debet
842 1500 1019 1577 mortificare

329 1597 410 1638 suam
425 1597 544 1636 carnem
550 1578 684 1654 jejuniis,
695 1588 724 1633 et
737 1579 806 1635 aliis
820 1579 914 1646 rebus,
929 1588 1018 1655 prout

329 1659 456 1717 convenit
472 1658 649 1734 temporibus
662 1667 692 1713 et
701 1657 843 1733 personis.
861 1659 904 1714 Et
913 1667 1018 1734 prate-

330 1755 378 1795 rea
387 1747 474 1815 patet
488 1755 530 1795 ex
544 1738 614 1813 ipsis
629 1737 778 1804 Conciliis,
800 1737 912 1811 quando
920 1737 1019 1812 suerit

331 1818 462 1874 instituta
492 1817 730 1892 Quadragesima
753 1834 810 1892 per
833 1818 941 1892 Papas,
970 1816 1020 1890 qui

326 1898 388 1971 jam
407 1906 494 1954 erant
513 1896 595 1971 sacti
615 1895 745 1952 ministri
763 1898 889 1966 Satanae,
912 1906 939 1951 et
953 1914 1017 1952 om·

331 1976 407 2033 nium
429 1975 621 2043 diabolorum,
645 1985 678 2031 ut
694 1975 883 2031 conscientias
902 1975 1016 2050 simpli-

331 2055 404 2112 cium
419 2054 569 2112 hominum
590 2054 629 2110 ad
646 2054 825 2110 ceremonias
841 2054 912 2111 istas
934 2064 1017 2109 exte-

332 2134 422 2191 riores
436 2133 606 2208 alligarent.
628 2135 671 2190 Et
684 2133 727 2189 ita
744 2133 832 2188 etiam
848 2133 1019 2209 respondent

332 2213 368 2268 al
391 2213 561 2289 Epistolam
588 2212 779 2286 Hieronymi,
803 2212 831 2268 in
853 2229 909 2287 qua
929 2212 1017 2268 etiam

334 2291 404 2348 ilem
419 2291 575 2348 existimat
592 2292 628 2347 de
656 2292 901 2367 Quadragesima.
918 2293 960 2348 Et
984 2291 1019 2346 de

334 2371 459 2446 Rusfino,
485 2386 569 2445 quem
591 2379 621 2425 tu
640 2388 725 2427 uocas
738 2371 834 2428 virum
850 2370 974 2440 doctum,
991 2381 1019 2426 et

334 2465 445 2507 summa
468 2449 630 2507 diuinarum
657 2467 757 2506 rerum
777 2450 888 2526 peritia
906 2450 1018 2524 pollen-

357 2652 387 2708 (1)
401 2650 481 2706 Ferte,
493 2658 565 2697 terme
575 2651 630 2696 dont
640 2636 731 2709 l'llglise
743 2665 768 2696 se
784 2660 830 2697 sert
841 2665 900 2710 pour
915 2653 1020 2712 designer

337 2712 364 2758 les
373 2714 487 2759 disemis
503 2713 566 2768 jours
577 2713 605 2758 de
616 2714 638 2758 la
650 2713 756 2758 semaiae.
770 2716 802 2759 Le
819 2714 880 2759 lundi
897 2722 931 2758 est
942 2716 1020 2772 appele

337 2772 354 2818 le
362 2775 456 2820 seconde
465 2773 533 2831 ferie,
542 2775 563 2820 le
572 2775 645 2819 mardi
654 2776 675 2819 la
688 2775 804 2820 troisikrne
814 2775 880 2829 ἰέιίες
892 2783 914 2819 et
923 2775 980 2820 ainsi
989 2777 1020 2822 du

339 2843 398 2893 uste,
411 2836 515 2893 jusqu'au
526 2835 641 2892 vendredi,
650 2837 690 2893 qui
700 2838 805 2894 s'appelte
814 2839 836 2881 la
846 2836 939 2881 sixiome
951 2836 1019 2883 ferie:

339 2896 390 2941 mais
398 2911 428 2943 on
439 2910 468 2942 ne
486 2897 518 2942 dit
530 2897 593 2955 point
605 2899 627 2942 la
642 2898 754 2956 premiere
766 2898 829 2955 ferie,
842 2898 864 2943 ni
881 2899 902 2943 la
914 2901 1020 2956 septieme

340 2956 400 3015 ilrie3
411 2972 440 3004 on
451 2972 475 3004 se
486 2967 532 3005 sert
541 2959 581 3004 des
592 2967 651 3005 mots
662 2959 788 3006 ordinaires
798 2961 826 3005 de
837 2960 953 3006 dimanche
962 2969 984 3006 et
993 2961 1020 3005 de

342 3020 419 3065 umedi
432 3022 468 3078 (N.
482 3021 515 3066 du
530 3022 622 3078 Trad.).
