2700 3800
556 514 592 552 ns
611 495 777 552 Passuvsss
977 496 1011 552 35

315 623 407 682 credo
417 621 494 698 quod
505 622 545 677 sit
555 639 657 678 nomen
669 622 754 678 unius
763 620 882 678 diaboti.
895 649 932 663 -
943 621 1013 677 Non

317 723 386 774 non,
403 724 417 757 n
433 703 514 757 dixit
530 702 598 777 ipse,
618 702 705 757 «uide
718 704 880 758 Erasmum
900 702 928 757 in
945 700 1015 756 Chi·

317 784 457 850 liadibus,
477 781 528 837 ubi
547 791 577 837 tu
591 782 717 838 inuenies
733 783 813 838 :nisi
833 782 904 839 uelit
917 782 1015 837 dicere

319 865 398 941 quod
417 862 531 938 quando
557 862 670 917 dicebat
692 880 724 919 se
744 879 806 919 esse
825 862 1013 938 imperitissi-

319 962 411 1013 mum,
431 943 492 1018 ipse
507 942 700 997 mentiebatur
720 942 747 997 in
770 944 857 998 tertia
875 959 1011 1018 persona,

319 1024 399 1080 alias
405 1040 462 1098 per
472 1021 667 1078 humilitatem
679 1042 688 1076 .·
698 1023 775 1097 quod
788 1039 932 1097 nunquam
947 1039 1013 1079 cre-

320 1105 391 1161 dent
400 1103 559 1179 quicunque
573 1102 701 1178 legerint
714 1119 798 1158 suum
812 1102 929 1158 librum.
948 1104 1014 1159 Imo

316 1186 417 1262 potins
432 1184 535 1253 dicent,
556 1183 677 1258 quodsi
697 1184 835 1239 mentitus
853 1192 906 1252 est,
929 1201 1011 1238 men-

322 1265 419 1321 tiendo
429 1264 509 1319 dixit
520 1265 672 1320 ueritatem
685 1284 692 1319 :
706 1264 741 1318 de
753 1281 810 1339 qua
815 1262 1015 1339 propositione

321 1345 455 1418 relinquo
465 1344 636 1400 decisionem
645 1344 808 1420 Magistris
818 1343 934 1413 nostris,
947 1344 1016 1418 quia

321 1436 366 1483 est
380 1424 469 1479 nimis
481 1423 604 1480 subtilis,

358 1525 374 1559 n
392 1505 441 1559 Ad
463 1505 617 1560 secundum
633 1514 784 1580 punctum.
809 1502 932 1573 Quando
954 1502 1014 1577 ipse

320 1584 436 1659 allegat
459 1583 628 1639 Ciceronem
647 1601 701 1656 pro
725 1584 827 1654 Balbo,
851 1598 907 1658 ego
929 1582 1015 1640 ualde

321 1664 413 1732 doleo,
429 1664 505 1738 quod
516 1664 572 1719 ista
584 1663 733 1739 elegantia
741 1665 828 1719 uerba
842 1664 901 1718 sint
914 1662 1014 1736 impii-

321 1754 388 1801 cata
400 1744 464 1799 istis
479 1742 662 1800 stercoribus.
685 1745 767 1798 Nam
786 1752 853 1799 sunt
869 1742 944 1798 sicut
955 1759 1013 1798 una

317 1824 405 1902 pecia
417 1822 509 1898 panni
524 1823 609 1878 aurei
621 1823 717 1878 insuta
734 1822 911 1897 turpissimis
931 1837 1013 1877 assu-

321 1903 436 1974 mentis,
452 1913 502 1958 ant
513 1903 587 1959 sicut
601 1921 657 1958 una
666 1903 838 1979 margarita
849 1899 1010 1971 orientaliS,

316 1985 453 2061 projecta
481 1983 555 2038 inter
581 1992 745 2039 stercora...
773 2003 788 2036 n
815 1983 896 2038 Nam
924 1981 1012 2036 etiam
1081 2035 1085 2043 ,

321 2066 432 2138 (notate
444 2062 521 2127 bene,
529 2061 961 2138 Domineaner·Proesidens)
967 2060 1013 2116 di·

321 2144 400 2200 citur
413 2143 488 2217 quod
501 2142 586 2216 Papa
599 2142 697 2199 Julius
711 2142 875 2211 modernus,
893 2140 1012 2216 quanvis

322 2240 379 2279 non
391 2222 459 2297 pius
472 2222 546 2278 sciat
560 2222 596 2277 de
609 2222 716 2277 Latino
727 2239 814 2295 quam
828 2239 902 2278 unus
917 2220 1010 2290 miles,

321 2311 353 2359 et
366 2301 406 2358 sit
418 2301 522 2356 metior
538 2301 698 2357 Canonista
707 2319 793 2375 qnam
812 2300 1010 2372 Theologista,

321 2399 411 2458 quum
421 2381 577 2449 audivisset
591 2399 678 2436 unam
691 2393 808 2457 partem
828 2380 917 2437 uestri
932 2379 1013 2448 iibri,

322 2461 417 2518 tenuit
436 2470 494 2516 tam
512 2460 638 2536 paruum
658 2478 819 2530 nnmerum,
841 2471 873 2515 ut
887 2460 1015 2534 jusserit

317 2540 439 2617 portari
452 2541 491 2595 ad
504 2558 588 2597 suam
600 2540 747 2611 latrinam,
766 2540 796 2596 id
810 2540 904 2597 estad
916 2541 1012 2596 sedem

315 2619 544 2697 foraminatum,
560 2638 647 2696 quam
663 2621 762 2678 dicunt
777 2621 938 2696 trusatores
952 2635 1014 2678 esse

324 2823 473 2931 Mtqaqurot
485 2834 499 2868 a
510 2822 551 2869 nit
561 2807 685 2882 tipnapne
696 2824 748 2868 cun
759 2830 823 2869 autre
831 2823 917 2881 tout,
928 2823 977 2869 sou
985 2824 1013 2869 de

350 2898 363 2931 Ι
418 2899 437 2930 e.

352 2967 381 3023 (2)
403 2965 562 3011 Andabates:
589 2965 725 3023 gladioteurs
750 2966 788 3022 qui
813 2966 972 3011 combanaient
999 2967 1023 3016 d,

323 3028 403 3074 cheval
410 3041 464 3075 avoc
474 3041 505 3074 un
516 3027 618 3074 bandeeu
627 3041 667 3075 sur
678 3029 711 3074 les
718 3042 778 3088 yeux
791 3029 858 3084 (Note
871 3029 905 3075 dn
921 3028 1012 3084 Μὰ).
