<?xml version="1.0" encoding="UTF-8"?>
<!DOCTYPE html PUBLIC "-//W3C//DTD XHTML 1.0 Transitional//EN"
    "http://www.w3.org/TR/xhtml1/DTD/xhtml1-transitional.dtd">
<html xmlns="http://www.w3.org/1999/xhtml" xml:lang="en" lang="en">
 <head>
  <title>
</title>
<meta http-equiv="Content-Type" content="text/html;charset=utf-8" />
  <meta name='ocr-system' content='tesseract 3.04.00' />
  <meta name='ocr-capabilities' content='ocr_page ocr_carea ocr_par ocr_line ocrx_word'/>
</head>
<body>
  <div class='ocr_page' id='page_1' title='image "./lepassavantdeth00goog_0096.png"; bbox 0 0 2700 3800; ppageno 0'>
   <div class='ocr_carea' id='block_1_1' title="bbox 504 525 960 604">
    <p class='ocr_par' dir='ltr' id='par_1_1' title="bbox 504 525 960 604">
     <span class='ocr_line' id='line_1_1' title="bbox 504 525 960 604; baseline 0.007 -23"><span class='ocrx_word' id='word_1_1' title='bbox 504 544 539 582; x_wconf 76' lang='lat' dir='ltr'><strong><em>os</em></strong></span> <span class='ocrx_word' id='word_1_2' title='bbox 559 525 727 584; x_wconf 71' lang='lat' dir='ltr'><strong><em>Pissnvsnr</em></strong></span> <span class='ocrx_word' id='word_1_3' title='bbox 924 549 960 604; x_wconf 86' lang='lat'><strong><em>79</em></strong></span> 
     </span>
    </p>
   </div>
   <div class='ocr_carea' id='block_1_2' title="bbox 255 652 961 891">
    <p class='ocr_par' dir='ltr' id='par_1_2' title="bbox 255 652 961 891">
     <span class='ocr_line' id='line_1_2' title="bbox 258 652 961 727; baseline 0.006 -18"><span class='ocrx_word' id='word_1_4' title='bbox 258 663 399 710; x_wconf 84' lang='lat' dir='ltr'><em>stercora</em></span> <span class='ocrx_word' id='word_1_5' title='bbox 412 652 495 727; x_wconf 88' lang='lat' dir='ltr'><strong><em>juris</em></strong></span> <span class='ocrx_word' id='word_1_6' title='bbox 515 653 664 724; x_wconf 87' lang='lat' dir='ltr'><strong><em>Canonici,</em></strong></span> <span class='ocrx_word' id='word_1_7' title='bbox 690 664 719 710; x_wconf 93' lang='lat' dir='ltr'><strong><em>et</em></strong></span> <span class='ocrx_word' id='word_1_8' title='bbox 739 665 852 712; x_wconf 86' lang='lat' dir='ltr'><strong><em>uestras</em></strong></span> <span class='ocrx_word' id='word_1_9' title='bbox 873 655 961 713; x_wconf 84' lang='lat' dir='ltr'><strong><em>bonas</em></strong></span> 
     </span>
     <span class='ocr_line' id='line_1_3' title="bbox 260 731 961 810; baseline 0.009 -23"><span class='ocrx_word' id='word_1_10' title='bbox 260 731 440 790; x_wconf 72' lang='lat' dir='ltr'><strong><em>maledictas</em></strong></span> <span class='ocrx_word' id='word_1_11' title='bbox 460 733 640 803; x_wconf 87' lang='lat' dir='ltr'><strong><em>intentiones,</em></strong></span> <span class='ocrx_word' id='word_1_12' title='bbox 662 734 760 809; x_wconf 84' lang='lat' dir='ltr'><strong><em>etqui</em></strong></span> <span class='ocrx_word' id='word_1_13' title='bbox 773 752 831 810; x_wconf 90' lang='lat' dir='ltr'><strong><em>per</em></strong></span> <span class='ocrx_word' id='word_1_14' title='bbox 848 745 961 794; x_wconf 84' lang='lat' dir='ltr'><strong><em>uestras</em></strong></span> 
     </span>
     <span class='ocr_line' id='line_1_4' title="bbox 255 811 960 891; baseline 0.007 -24"><span class='ocrx_word' id='word_1_15' title='bbox 255 812 411 888; x_wconf 86' lang='lat' dir='ltr'><strong><em>practicas</em></strong></span> <span class='ocrx_word' id='word_1_16' title='bbox 431 811 575 890; x_wconf 82' lang='lat' dir='ltr'><strong><em>negotiati</em></strong></span> <span class='ocrx_word' id='word_1_17' title='bbox 595 814 666 869; x_wconf 88' lang='lat' dir='ltr'><strong><em>estis</em></strong></span> <span class='ocrx_word' id='word_1_18' title='bbox 681 814 796 871; x_wconf 89' lang='lat' dir='ltr'><strong><em>animas</em></strong></span> <span class='ocrx_word' id='word_1_19' title='bbox 814 814 867 874; x_wconf 82' lang='lat' dir='ltr'><strong><em>sub</em></strong></span> <span class='ocrx_word' id='word_1_20' title='bbox 878 833 960 891; x_wconf 80' lang='lat' dir='ltr'><strong><em>pra·</em></strong></span> 
     </span>
    </p>
   </div>
   <div class='ocr_carea' id='block_1_3' title="bbox 254 892 961 2167">
    <p class='ocr_par' dir='ltr' id='par_1_3' title="bbox 254 892 961 2167">
     <span class='ocr_line' id='line_1_5' title="bbox 262 892 961 971; baseline 0.007 -24"><span class='ocrx_word' id='word_1_21' title='bbox 262 902 351 948; x_wconf 87' lang='lat' dir='ltr'><strong><em>textu</em></strong></span> <span class='ocrx_word' id='word_1_22' title='bbox 364 893 521 968; x_wconf 81' lang='lat' dir='ltr'><strong><em>longarum</em></strong></span> <span class='ocrx_word' id='word_1_23' title='bbox 531 892 742 968; x_wconf 83' lang='lat' dir='ltr'><strong><em>precationum,</em></strong></span> <span class='ocrx_word' id='word_1_24' title='bbox 756 895 815 951; x_wconf 95' lang='lat' dir='ltr'><strong><em>imo</em></strong></span> <span class='ocrx_word' id='word_1_25' title='bbox 826 906 855 952; x_wconf 93' lang='lat' dir='ltr'><strong><em>et</em></strong></span> <span class='ocrx_word' id='word_1_26' title='bbox 866 913 961 971; x_wconf 85' lang='lat' dir='ltr'><strong><em>regna</em></strong></span> 
     </span>
     <span class='ocr_line' id='line_1_6' title="bbox 262 972 961 1050; baseline 0.004 -22"><span class='ocrx_word' id='word_1_27' title='bbox 262 972 374 1028; x_wconf 89' lang='lat' dir='ltr'><strong><em>mundi.</em></strong></span> <span class='ocrx_word' id='word_1_28' title='bbox 390 973 468 1043; x_wconf 86' lang='lat' dir='ltr'><strong><em>Quia</em></strong></span> <span class='ocrx_word' id='word_1_29' title='bbox 475 973 568 1047; x_wconf 88' lang='lat' dir='ltr'><strong><em>Papa,</em></strong></span> <span class='ocrx_word' id='word_1_30' title='bbox 578 982 611 1028; x_wconf 93' lang='lat' dir='ltr'><strong><em>ut</em></strong></span> <span class='ocrx_word' id='word_1_31' title='bbox 622 990 654 1029; x_wconf 93' lang='lat' dir='ltr'><strong><em>se</em></strong></span> <span class='ocrx_word' id='word_1_32' title='bbox 659 974 803 1050; x_wconf 82' lang='lat' dir='ltr'><strong><em>probaret</em></strong></span> <span class='ocrx_word' id='word_1_33' title='bbox 810 976 961 1033; x_wconf 86' lang='lat' dir='ltr'><strong><em>esseAnti·</em></strong></span> 
     </span>
     <span class='ocr_line' id='line_1_7' title="bbox 261 1052 957 1128; baseline 0.006 -21"><span class='ocrx_word' id='word_1_34' title='bbox 261 1052 413 1123; x_wconf 81' lang='lat' dir='ltr'><strong><em>christum,</em></strong></span> <span class='ocrx_word' id='word_1_35' title='bbox 420 1052 499 1128; x_wconf 85' lang='lat' dir='ltr'><strong><em>jecit</em></strong></span> <span class='ocrx_word' id='word_1_36' title='bbox 509 1061 599 1109; x_wconf 88' lang='lat' dir='ltr'><strong><em>totum</em></strong></span> <span class='ocrx_word' id='word_1_37' title='bbox 610 1053 701 1109; x_wconf 83' lang='lat' dir='ltr'><strong><em>aliter</em></strong></span> <span class='ocrx_word' id='word_1_38' title='bbox 710 1071 797 1128; x_wconf 83' lang='lat' dir='ltr'><strong><em>quam</em></strong></span> <span class='ocrx_word' id='word_1_39' title='bbox 809 1054 957 1113; x_wconf 71' lang='lat' dir='ltr'><strong><em>Christus,</em></strong></span> 
     </span>
     <span class='ocr_line' id='line_1_8' title="bbox 264 1131 961 1206; baseline 0.003 -18"><span class='ocrx_word' id='word_1_40' title='bbox 264 1132 345 1201; x_wconf 86' lang='lat' dir='ltr'><strong><em>Quia</em></strong></span> <span class='ocrx_word' id='word_1_41' title='bbox 356 1150 444 1206; x_wconf 83' lang='lat' dir='ltr'><strong><em>quum</em></strong></span> <span class='ocrx_word' id='word_1_42' title='bbox 459 1131 591 1189; x_wconf 83' lang='lat' dir='ltr'><strong><em>diabolus</em></strong></span> <span class='ocrx_word' id='word_1_43' title='bbox 601 1132 715 1189; x_wconf 88' lang='lat' dir='ltr'><strong><em>dicebat</em></strong></span> <span class='ocrx_word' id='word_1_44' title='bbox 729 1134 857 1204; x_wconf 78' lang='lat' dir='ltr'><strong><em>Christo,</em></strong></span> <span class='ocrx_word' id='word_1_45' title='bbox 868 1144 961 1203; x_wconf 82' lang='lat' dir='ltr'><strong><em>osten·</em></strong></span> 
     </span>
     <span class='ocr_line' id='line_1_9' title="bbox 261 1211 961 1289; baseline 0.006 -22"><span class='ocrx_word' id='word_1_46' title='bbox 261 1211 335 1268; x_wconf 88' lang='lat' dir='ltr'><strong><em>dens</em></strong></span> <span class='ocrx_word' id='word_1_47' title='bbox 358 1212 405 1267; x_wconf 80' lang='lat' dir='ltr'><strong><em>itti</em></strong></span> <span class='ocrx_word' id='word_1_48' title='bbox 427 1229 522 1289; x_wconf 85' lang='lat' dir='ltr'><strong><em>regna</em></strong></span> <span class='ocrx_word' id='word_1_49' title='bbox 547 1212 649 1268; x_wconf 92' lang='lat' dir='ltr'><strong><em>mundi</em></strong></span> <span class='ocrx_word' id='word_1_50' title='bbox 664 1233 673 1267; x_wconf 90' lang='lat'>:</span> <span class='ocrx_word' id='word_1_51' title='bbox 690 1214 769 1269; x_wconf 88' lang='lat' dir='ltr'><strong><em>Haec</em></strong></span> <span class='ocrx_word' id='word_1_52' title='bbox 782 1214 881 1270; x_wconf 91' lang='lat' dir='ltr'><strong><em>omnia</em></strong></span> <span class='ocrx_word' id='word_1_53' title='bbox 908 1214 961 1272; x_wconf 83' lang='lat' dir='ltr'><strong><em>tibi</em></strong></span> 
     </span>
     <span class='ocr_line' id='line_1_10' title="bbox 261 1290 961 1370; baseline 0.004 -23"><span class='ocrx_word' id='word_1_54' title='bbox 261 1291 357 1347; x_wconf 84' lang='lat' dir='ltr'><strong><em>dabo:</em></strong></span> <span class='ocrx_word' id='word_1_55' title='bbox 368 1290 506 1349; x_wconf 81' lang='lat' dir='ltr'><strong><em>Christus</em></strong></span> <span class='ocrx_word' id='word_1_56' title='bbox 520 1292 674 1362; x_wconf 83' lang='lat' dir='ltr'><strong><em>recusauit,</em></strong></span> <span class='ocrx_word' id='word_1_57' title='bbox 687 1292 740 1348; x_wconf 92' lang='lat' dir='ltr'><strong><em>sed</em></strong></span> <span class='ocrx_word' id='word_1_58' title='bbox 752 1293 837 1368; x_wconf 91' lang='lat' dir='ltr'><strong><em>Papa</em></strong></span> <span class='ocrx_word' id='word_1_59' title='bbox 849 1294 961 1370; x_wconf 89' lang='lat' dir='ltr'><strong><em>accepit</em></strong></span> 
     </span>
     <span class='ocr_line' id='line_1_11' title="bbox 261 1363 959 1463; baseline 0.004 -36"><span class='ocrx_word' id='word_1_60' title='bbox 261 1384 331 1427; x_wconf 88' lang='lat' dir='ltr'><strong><em>eum</em></strong></span> <span class='ocrx_word' id='word_1_61' title='bbox 345 1363 385 1427; x_wconf 86' lang='lat' dir='ltr'><strong><em>ad</em></strong></span> <span class='ocrx_word' id='word_1_62' title='bbox 400 1370 527 1463; x_wconf 77' lang='lat' dir='ltr'><strong><em>uerbum,</em></strong></span> <span class='ocrx_word' id='word_1_63' title='bbox 544 1371 619 1428; x_wconf 90' lang='lat' dir='ltr'><strong><em>sicut</em></strong></span> <span class='ocrx_word' id='word_1_64' title='bbox 635 1371 745 1444; x_wconf 90' lang='lat' dir='ltr'><strong><em>dicunt,</em></strong></span> <span class='ocrx_word' id='word_1_65' title='bbox 761 1382 792 1428; x_wconf 90' lang='lat' dir='ltr'><strong><em>et</em></strong></span> <span class='ocrx_word' id='word_1_66' title='bbox 810 1372 851 1427; x_wconf 87' lang='lat' dir='ltr'><strong><em>ita</em></strong></span> <span class='ocrx_word' id='word_1_67' title='bbox 870 1374 959 1431; x_wconf 88' lang='lat' dir='ltr'><strong><em>etiam</em></strong></span> 
     </span>
     <span class='ocr_line' id='line_1_12' title="bbox 261 1416 959 1528; baseline 0.003 -21"><span class='ocrx_word' id='word_1_68' title='bbox 261 1450 397 1509; x_wconf 87' lang='lat' dir='ltr'><strong><em>diabolus</em></strong></span> <span class='ocrx_word' id='word_1_69' title='bbox 425 1461 454 1507; x_wconf 89' lang='lat' dir='ltr'><strong><em>et</em></strong></span> <span class='ocrx_word' id='word_1_70' title='bbox 482 1451 544 1528; x_wconf 90' lang='lat' dir='ltr'><strong><em>ipse</em></strong></span> <span class='ocrx_word' id='word_1_71' title='bbox 566 1440 707 1526; x_wconf 69' lang='lat' dir='ltr'><strong><em>fecerint</em></strong></span> <span class='ocrx_word' id='word_1_72' title='bbox 733 1416 959 1510; x_wconf 85' lang='lat' dir='ltr'><strong><em>transactionem</em></strong></span> 
     </span>
     <span class='ocr_line' id='line_1_13' title="bbox 262 1532 959 1609; baseline 0.009 -22"><span class='ocrx_word' id='word_1_73' title='bbox 262 1532 340 1588; x_wconf 88' lang='lat' dir='ltr'><strong><em>inter</em></strong></span> <span class='ocrx_word' id='word_1_74' title='bbox 352 1549 394 1603; x_wconf 87' lang='lat' dir='ltr'><strong><em>se,</em></strong></span> <span class='ocrx_word' id='word_1_75' title='bbox 412 1541 472 1589; x_wconf 89' lang='lat' dir='ltr'><strong><em>tam</em></strong></span> <span class='ocrx_word' id='word_1_76' title='bbox 487 1549 545 1606; x_wconf 89' lang='lat' dir='ltr'><strong><em>pro</em></strong></span> <span class='ocrx_word' id='word_1_77' title='bbox 563 1549 595 1588; x_wconf 92' lang='lat' dir='ltr'><strong><em>se</em></strong></span> <span class='ocrx_word' id='word_1_78' title='bbox 615 1549 703 1607; x_wconf 86' lang='lat' dir='ltr'><strong><em>quam</em></strong></span> <span class='ocrx_word' id='word_1_79' title='bbox 718 1550 776 1609; x_wconf 89' lang='lat' dir='ltr'><strong><em>pro</em></strong></span> <span class='ocrx_word' id='word_1_80' title='bbox 795 1532 959 1593; x_wconf 77' lang='lat' dir='ltr'><strong><em>hareditas</em></strong></span> 
     </span>
     <span class='ocr_line' id='line_1_14' title="bbox 262 1610 959 1688; baseline 0.001 -20"><span class='ocrx_word' id='word_1_81' title='bbox 262 1621 292 1668; x_wconf 92' lang='lat' dir='ltr'><strong><em>et</em></strong></span> <span class='ocrx_word' id='word_1_82' title='bbox 298 1611 511 1669; x_wconf 74' lang='lat' dir='ltr'><strong><em>successoribus</em></strong></span> <span class='ocrx_word' id='word_1_83' title='bbox 520 1611 590 1682; x_wconf 90' lang='lat' dir='ltr'><strong><em>suis,</em></strong></span> <span class='ocrx_word' id='word_1_84' title='bbox 598 1610 675 1686; x_wconf 86' lang='lat' dir='ltr'><strong><em>quod</em></strong></span> <span class='ocrx_word' id='word_1_85' title='bbox 685 1621 728 1669; x_wconf 90' lang='lat' dir='ltr'><strong><em>est</em></strong></span> <span class='ocrx_word' id='word_1_86' title='bbox 728 1614 959 1688; x_wconf 79' lang='lat' dir='ltr'><strong><em>fundamentum</em></strong></span> 
     </span>
     <span class='ocr_line' id='line_1_15' title="bbox 261 1690 959 1769; baseline 0.004 -21"><span class='ocrx_word' id='word_1_87' title='bbox 261 1690 402 1748; x_wconf 79' lang='lat' dir='ltr'><strong><em>mirabile</em></strong></span> <span class='ocrx_word' id='word_1_88' title='bbox 420 1690 586 1749; x_wconf 89' lang='lat' dir='ltr'><strong><em>donationis</em></strong></span> <span class='ocrx_word' id='word_1_89' title='bbox 606 1691 802 1750; x_wconf 87' lang='lat' dir='ltr'><strong><em>Constantini.</em></strong></span> <span class='ocrx_word' id='word_1_90' title='bbox 818 1694 869 1749; x_wconf 89' lang='lat' dir='ltr'><strong><em>Ita</em></strong></span> <span class='ocrx_word' id='word_1_91' title='bbox 889 1694 959 1769; x_wconf 84' lang='lat' dir='ltr'><strong><em>estis</em></strong></span> 
     </span>
     <span class='ocr_line' id='line_1_16' title="bbox 254 1771 958 1849; baseline 0.004 -21"><span class='ocrx_word' id='word_1_92' title='bbox 254 1771 361 1849; x_wconf 85' lang='lat' dir='ltr'><strong><em>surati</em></strong></span> <span class='ocrx_word' id='word_1_93' title='bbox 385 1781 415 1828; x_wconf 87' lang='lat' dir='ltr'><strong><em>et</em></strong></span> <span class='ocrx_word' id='word_1_94' title='bbox 430 1771 584 1845; x_wconf 76' lang='lat' dir='ltr'><strong><em>foramini</em></strong></span> <span class='ocrx_word' id='word_1_95' title='bbox 605 1771 742 1846; x_wconf 86' lang='lat' dir='ltr'><strong><em>quotidie.</em></strong></span> <span class='ocrx_word' id='word_1_96' title='bbox 766 1774 832 1830; x_wconf 92' lang='lat' dir='ltr'><strong><em>Nos</em></strong></span> <span class='ocrx_word' id='word_1_97' title='bbox 859 1783 958 1831; x_wconf 88' lang='lat' dir='ltr'><strong><em>autem</em></strong></span> 
     </span>
     <span class='ocr_line' id='line_1_17' title="bbox 262 1850 958 1928; baseline 0.003 -20"><span class='ocrx_word' id='word_1_98' title='bbox 262 1850 411 1926; x_wconf 83' lang='lat' dir='ltr'><strong><em>(dicebant</em></strong></span> <span class='ocrx_word' id='word_1_99' title='bbox 424 1850 483 1925; x_wconf 71' lang='lat' dir='ltr'><strong><em>isti]</em></strong></span> <span class='ocrx_word' id='word_1_100' title='bbox 501 1852 553 1928; x_wconf 81' lang='lat' dir='ltr'><strong><em>qui</em></strong></span> <span class='ocrx_word' id='word_1_101' title='bbox 562 1861 676 1927; x_wconf 85' lang='lat' dir='ltr'><strong><em>praeter</em></strong></span> <span class='ocrx_word' id='word_1_102' title='bbox 689 1851 809 1910; x_wconf 84' lang='lat' dir='ltr'><strong><em>uerbum</em></strong></span> <span class='ocrx_word' id='word_1_103' title='bbox 825 1852 885 1909; x_wconf 88' lang='lat' dir='ltr'><strong><em>Dei</em></strong></span> <span class='ocrx_word' id='word_1_104' title='bbox 903 1869 958 1910; x_wconf 90' lang='lat' dir='ltr'><strong><em>non</em></strong></span> 
     </span>
     <span class='ocr_line' id='line_1_18' title="bbox 261 1931 959 2024; baseline 0 -34"><span class='ocrx_word' id='word_1_105' title='bbox 261 1931 423 2007; x_wconf 85' lang='lat' dir='ltr'><strong><em>recipimus</em></strong></span> <span class='ocrx_word' id='word_1_106' title='bbox 449 1932 612 2023; x_wconf 83' lang='lat' dir='ltr'><strong><em>quicquam,</em></strong></span> <span class='ocrx_word' id='word_1_107' title='bbox 638 1932 780 2024; x_wconf 82' lang='lat' dir='ltr'><strong><em>quomodo</em></strong></span> <span class='ocrx_word' id='word_1_108' title='bbox 803 1949 959 2007; x_wconf 88' lang='lat' dir='ltr'><strong><em>possumus</em></strong></span> 
     </span>
     <span class='ocr_line' id='line_1_19' title="bbox 261 2012 959 2104; baseline -0.006 -32"><span class='ocrx_word' id='word_1_109' title='bbox 261 2013 321 2072; x_wconf 86' lang='lat' dir='ltr'><strong><em>dici</em></strong></span> <span class='ocrx_word' id='word_1_110' title='bbox 331 2028 483 2104; x_wconf 81' lang='lat' dir='ltr'><strong><em>caupones,</em></strong></span> <span class='ocrx_word' id='word_1_111' title='bbox 501 2012 560 2069; x_wconf 92' lang='lat' dir='ltr'><strong><em>nisi</em></strong></span> <span class='ocrx_word' id='word_1_112' title='bbox 574 2012 695 2068; x_wconf 90' lang='lat' dir='ltr'><strong><em>mentiri</em></strong></span> <span class='ocrx_word' id='word_1_113' title='bbox 711 2012 830 2069; x_wconf 81' lang='lat' dir='ltr'><strong><em>ueiitis?</em></strong></span> <span class='ocrx_word' id='word_1_114' title='bbox 844 2012 959 2069; x_wconf 81' lang='lat' dir='ltr'><strong><em>Deinde</em></strong></span> 
     </span>
     <span class='ocr_line' id='line_1_20' title="bbox 260 2091 959 2167; baseline -0.007 -14"><span class='ocrx_word' id='word_1_115' title='bbox 260 2108 313 2153; x_wconf 86' lang='lat' dir='ltr'><strong><em>uos</em></strong></span> <span class='ocrx_word' id='word_1_116' title='bbox 324 2091 405 2162; x_wconf 85' lang='lat' dir='ltr'><strong><em>estis,</em></strong></span> <span class='ocrx_word' id='word_1_117' title='bbox 421 2110 469 2167; x_wconf 82' lang='lat' dir='ltr'><strong><em>qur</em></strong></span> <span class='ocrx_word' id='word_1_118' title='bbox 466 2091 579 2150; x_wconf 90' lang='lat' dir='ltr'><strong><em>&#39;dicitis</em></strong></span> <span class='ocrx_word' id='word_1_119' title='bbox 590 2109 639 2150; x_wconf 86' lang='lat' dir='ltr'><strong><em>ros</em></strong></span> <span class='ocrx_word' id='word_1_120' title='bbox 648 2093 726 2150; x_wconf 88' lang='lat' dir='ltr'><strong><em>soios</em></strong></span> <span class='ocrx_word' id='word_1_121' title='bbox 740 2092 919 2166; x_wconf 79' lang='lat' dir='ltr'><strong><em>Catholicos,</em></strong></span> <span class='ocrx_word' id='word_1_122' title='bbox 930 2103 959 2150; x_wconf 90' lang='lat' dir='ltr'><strong><em>et</em></strong></span> 
     </span>
    </p>
   </div>
   <div class='ocr_carea' id='block_1_4' title="bbox 258 2321 985 3124">
    <p class='ocr_par' dir='ltr' id='par_1_4' title="bbox 258 2321 985 3124">
     <span class='ocr_line' id='line_1_21' title="bbox 262 2321 957 2381; baseline 0 -13"><span class='ocrx_word' id='word_1_123' title='bbox 262 2335 264 2339; x_wconf 74' lang='grc'>’</span> <span class='ocrx_word' id='word_1_124' title='bbox 289 2325 320 2381; x_wconf 84' lang='lat'><strong><em>(1)</em></strong></span> <span class='ocrx_word' id='word_1_125' title='bbox 333 2323 357 2370; x_wconf 76' lang='lat' dir='ltr'>A</span> <span class='ocrx_word' id='word_1_126' title='bbox 368 2322 480 2368; x_wconf 87' lang='lat' dir='ltr'><strong><em>reculons.</em></strong></span> <span class='ocrx_word' id='word_1_127' title='bbox 489 2321 551 2368; x_wconf 85' lang='lat' dir='ltr'><strong><em>C&#39;est</em></strong></span> <span class='ocrx_word' id='word_1_128' title='bbox 561 2323 594 2366; x_wconf 90' lang='lat' dir='ltr'><strong><em>ad</em></strong></span> <span class='ocrx_word' id='word_1_129' title='bbox 605 2324 714 2367; x_wconf 84' lang='lat' dir='ltr'><strong><em>reculam</em></strong></span> <span class='ocrx_word' id='word_1_130' title='bbox 721 2323 774 2380; x_wconf 85' lang='lat' dir='ltr'><strong><em>qu&#39;it</em></strong></span> <span class='ocrx_word' id='word_1_131' title='bbox 784 2323 832 2367; x_wconf 84' lang='lat' dir='ltr'><strong><em>taut</em></strong></span> <span class='ocrx_word' id='word_1_132' title='bbox 842 2322 892 2377; x_wconf 87' lang='lat' dir='ltr'><strong><em>lire,</em></strong></span> <span class='ocrx_word' id='word_1_133' title='bbox 904 2335 957 2368; x_wconf 88' lang='lat' dir='ltr'><strong><em>con·</em></strong></span> 
     </span>
     <span class='ocr_line' id='line_1_22' title="bbox 260 2383 957 2442; baseline -0.004 -11"><span class='ocrx_word' id='word_1_134' title='bbox 260 2386 399 2431; x_wconf 69' lang='lat' dir='ltr'><strong><em>sormiment</em></strong></span> <span class='ocrx_word' id='word_1_135' title='bbox 410 2385 424 2429; x_wconf 72' lang='lat' dir='ltr'><strong><em>ir</em></strong></span> <span class='ocrx_word' id='word_1_136' title='bbox 435 2383 534 2429; x_wconf 68' lang='lat' dir='ltr'><strong><em>sedition</em></strong></span> <span class='ocrx_word' id='word_1_137' title='bbox 553 2384 581 2428; x_wconf 90' lang='lat' dir='ltr'><strong><em>de</em></strong></span> <span class='ocrx_word' id='word_1_138' title='bbox 597 2385 733 2442; x_wconf 81' lang='lat' dir='ltr'><strong><em>Wlliorban,</em></strong></span> <span class='ocrx_word' id='word_1_139' title='bbox 749 2385 812 2442; x_wconf 76' lang='lat'><strong><em>1593,</em></strong></span> <span class='ocrx_word' id='word_1_140' title='bbox 830 2385 849 2429; x_wconf 84' lang='grc' dir='ltr'><em>Α</em></span> <span class='ocrx_word' id='word_1_141' title='bbox 863 2385 957 2428; x_wconf 85' lang='lat' dir='ltr'><strong><em>reculo·</em></strong></span> 
     </span>
     <span class='ocr_line' id='line_1_23' title="bbox 259 2446 949 2503; baseline -0.001 -10"><span class='ocrx_word' id='word_1_142' title='bbox 259 2461 324 2503; x_wconf 91' lang='lat' dir='ltr'><strong><em>rum,</em></strong></span> <span class='ocrx_word' id='word_1_143' title='bbox 335 2459 424 2491; x_wconf 87' lang='lat' dir='ltr'><strong><em>comme</em></strong></span> <span class='ocrx_word' id='word_1_144' title='bbox 442 2446 468 2490; x_wconf 86' lang='lat' dir='ltr'><strong><em>lit</em></strong></span> <span class='ocrx_word' id='word_1_145' title='bbox 480 2447 533 2490; x_wconf 83' lang='lat' dir='ltr'><strong><em>celle</em></strong></span> <span class='ocrx_word' id='word_1_146' title='bbox 550 2447 578 2490; x_wconf 90' lang='lat' dir='ltr'><strong><em>de</em></strong></span> <span class='ocrx_word' id='word_1_147' title='bbox 600 2447 664 2503; x_wconf 83' lang='lat'><strong><em>1584,</em></strong></span> <span class='ocrx_word' id='word_1_148' title='bbox 682 2460 736 2492; x_wconf 80' lang='lat' dir='ltr'><strong><em>avec</em></strong></span> <span class='ocrx_word' id='word_1_149' title='bbox 751 2448 849 2492; x_wconf 83' lang='lat' dir='ltr'><strong><em>d&#39;autres</em></strong></span> <span class='ocrx_word' id='word_1_150' title='bbox 867 2459 949 2492; x_wconf 84' lang='lat' dir='ltr'><strong><em>encore</em></strong></span> 
     </span>
     <span class='ocr_line' id='line_1_24' title="bbox 260 2508 946 2567; baseline -0.006 -11"><span class='ocrx_word' id='word_1_151' title='bbox 260 2517 315 2556; x_wconf 82' lang='lat' dir='ltr'><strong><em>veut</em></strong></span> <span class='ocrx_word' id='word_1_152' title='bbox 324 2509 374 2554; x_wconf 81' lang='lat' dir='ltr'><strong><em>dire</em></strong></span> <span class='ocrx_word' id='word_1_153' title='bbox 385 2508 401 2552; x_wconf 86' lang='lat' dir='ltr'><strong><em>d</em></strong></span> <span class='ocrx_word' id='word_1_154' title='bbox 408 2521 467 2565; x_wconf 87' lang='lat' dir='ltr'><strong><em>pon,</em></strong></span> <span class='ocrx_word' id='word_1_155' title='bbox 476 2515 526 2553; x_wconf 89' lang='lat' dir='ltr'><strong><em>tout</em></strong></span> <span class='ocrx_word' id='word_1_156' title='bbox 533 2509 632 2554; x_wconf 67' lang='lat' dir='ltr'><strong><em>derriere</em></strong></span> <span class='ocrx_word' id='word_1_157' title='bbox 640 2510 673 2554; x_wconf 89' lang='lat' dir='ltr'><strong><em>les</em></strong></span> <span class='ocrx_word' id='word_1_158' title='bbox 684 2516 768 2567; x_wconf 78' lang='lat' dir='ltr'><strong><em>autres,</em></strong></span> <span class='ocrx_word' id='word_1_159' title='bbox 780 2508 865 2554; x_wconf 70' lang='lat' dir='ltr'><strong><em>ttmoin</em></strong></span> <span class='ocrx_word' id='word_1_160' title='bbox 874 2510 895 2553; x_wconf 83' lang='lat' dir='ltr'><strong><em>le</em></strong></span> <span class='ocrx_word' id='word_1_161' title='bbox 905 2520 946 2566; x_wconf 85' lang='lat' dir='ltr'><strong><em>pro</em></strong></span> 
     </span>
     <span class='ocr_line' id='line_1_25' title="bbox 260 2571 957 2629; baseline -0.006 -11"><span class='ocrx_word' id='word_1_162' title='bbox 260 2573 344 2618; x_wconf 81' lang='lat' dir='ltr'><strong><em>verbe:</em></strong></span> <span class='ocrx_word' id='word_1_163' title='bbox 361 2571 426 2616; x_wconf 88' lang='lat' dir='ltr'><strong><em>Bene</em></strong></span> <span class='ocrx_word' id='word_1_164' title='bbox 442 2572 546 2616; x_wconf 82' lang='lat' dir='ltr'><strong><em>veniatis</em></strong></span> <span class='ocrx_word' id='word_1_165' title='bbox 563 2572 607 2628; x_wconf 87' lang='lat' dir='ltr'><strong><em>qui</em></strong></span> <span class='ocrx_word' id='word_1_166' title='bbox 622 2572 776 2629; x_wconf 85' lang='lat' dir='ltr'><strong><em>apportatis:</em></strong></span> <span class='ocrx_word' id='word_1_167' title='bbox 793 2572 876 2628; x_wconf 82' lang='lat' dir='ltr'><strong><em>etqui</em></strong></span> <span class='ocrx_word' id='word_1_168' title='bbox 892 2571 957 2616; x_wconf 78' lang='lat' dir='ltr'><strong><em>nihil</em></strong></span> 
     </span>
     <span class='ocr_line' id='line_1_26' title="bbox 259 2632 956 2692; baseline -0.001 -13"><span class='ocrx_word' id='word_1_169' title='bbox 259 2633 407 2692; x_wconf 84' lang='lat' dir='ltr'><strong><em>apportatis,</em></strong></span> <span class='ocrx_word' id='word_1_170' title='bbox 420 2633 444 2677; x_wconf 89' lang='lat' dir='ltr'><strong>A</strong></span> <span class='ocrx_word' id='word_1_171' title='bbox 456 2632 660 2689; x_wconf 85' lang='lat' dir='ltr'><strong><em>RECULORUM,</em></strong></span> <span class='ocrx_word' id='word_1_172' title='bbox 670 2635 776 2690; x_wconf 68' lang='lat' dir='ltr'><strong><em>rapporte</em></strong></span> <span class='ocrx_word' id='word_1_173' title='bbox 788 2646 828 2689; x_wconf 82' lang='lat' dir='ltr'><strong><em>par</em></strong></span> <span class='ocrx_word' id='word_1_174' title='bbox 841 2632 956 2678; x_wconf 81' lang='lat' dir='ltr'><strong><em>Mathurin</em></strong></span> 
     </span>
     <span class='ocr_line' id='line_1_27' title="bbox 260 2694 945 2752; baseline -0.001 -10"><span class='ocrx_word' id='word_1_175' title='bbox 260 2694 366 2752; x_wconf 82' lang='lat' dir='ltr'><strong><em>Cordier,</em></strong></span> <span class='ocrx_word' id='word_1_176' title='bbox 384 2707 443 2752; x_wconf 82' lang='lat' dir='ltr'><strong><em>page</em></strong></span> <span class='ocrx_word' id='word_1_177' title='bbox 461 2694 505 2750; x_wconf 83' lang='lat'><strong><em>433</em></strong></span> <span class='ocrx_word' id='word_1_178' title='bbox 526 2695 553 2740; x_wconf 79' lang='lat' dir='ltr'><strong><em>de</em></strong></span> <span class='ocrx_word' id='word_1_179' title='bbox 571 2695 659 2739; x_wconf 85' lang='lat' dir='ltr'><strong><em>sande</em></strong></span> <span class='ocrx_word' id='word_1_180' title='bbox 681 2696 751 2740; x_wconf 89' lang='lat' dir='ltr'><strong><em>Corr.</em></strong></span> <span class='ocrx_word' id='word_1_181' title='bbox 768 2696 844 2739; x_wconf 86' lang='lat' dir='ltr'><strong><em>Serm.</em></strong></span> <span class='ocrx_word' id='word_1_182' title='bbox 856 2695 945 2741; x_wconf 82' lang='lat' dir='ltr'><strong><em>entend.</em></strong></span> 
     </span>
     <span class='ocr_line' id='line_1_28' title="bbox 260 2757 985 2814; baseline -0.001 -11"><span class='ocrx_word' id='word_1_183' title='bbox 260 2758 346 2804; x_wconf 74' lang='lat' dir='ltr'><strong><em>editicm</em></strong></span> <span class='ocrx_word' id='word_1_184' title='bbox 356 2758 385 2802; x_wconf 86' lang='lat' dir='ltr'><strong><em>de</em></strong></span> <span class='ocrx_word' id='word_1_185' title='bbox 400 2757 463 2802; x_wconf 82' lang='lat'>1531.</span> <span class='ocrx_word' id='word_1_186' title='bbox 477 2758 506 2802; x_wconf 86' lang='lat' dir='ltr'><strong><em>Et</em></strong></span> <span class='ocrx_word' id='word_1_187' title='bbox 514 2759 568 2801; x_wconf 88' lang='lat' dir='ltr'><strong><em>c&#39;est</em></strong></span> <span class='ocrx_word' id='word_1_188' title='bbox 577 2758 633 2802; x_wconf 83' lang='lat' dir='ltr'><strong><em>dans</em></strong></span> <span class='ocrx_word' id='word_1_189' title='bbox 645 2758 665 2801; x_wconf 86' lang='lat' dir='ltr'><strong><em>le</em></strong></span> <span class='ocrx_word' id='word_1_190' title='bbox 677 2758 751 2801; x_wconf 65' lang='lat' dir='ltr'><strong><em>meme</em></strong></span> <span class='ocrx_word' id='word_1_191' title='bbox 762 2769 815 2800; x_wconf 87' lang='lat' dir='ltr'><strong><em>sens</em></strong></span> <span class='ocrx_word' id='word_1_192' title='bbox 825 2758 891 2814; x_wconf 77' lang='lat' dir='ltr'><strong><em>qu&#39;au</em></strong></span> <span class='ocrx_word' id='word_1_193' title='bbox 900 2757 956 2812; x_wconf 86' lang='lat' dir='ltr'><strong><em>ch.4</em></strong></span> <span class='ocrx_word' id='word_1_194' title='bbox 982 2778 985 2784; x_wconf 89' lang='lat'><strong>·</strong></span> 
     </span>
     <span class='ocr_line' id='line_1_29' title="bbox 260 2818 956 2876; baseline -0.003 -10"><span class='ocrx_word' id='word_1_195' title='bbox 260 2821 291 2866; x_wconf 87' lang='lat' dir='ltr'><strong><em>du</em></strong></span> <span class='ocrx_word' id='word_1_196' title='bbox 301 2832 324 2864; x_wconf 76' lang='grc' dir='ltr'><strong><em>ι·</em></strong></span> <span class='ocrx_word' id='word_1_197' title='bbox 334 2819 391 2864; x_wconf 77' lang='lat' dir='ltr'><strong><em>livre</em></strong></span> <span class='ocrx_word' id='word_1_198' title='bbox 398 2820 426 2865; x_wconf 82' lang='lat' dir='ltr'><strong><em>de</em></strong></span> <span class='ocrx_word' id='word_1_199' title='bbox 436 2818 548 2876; x_wconf 86' lang='lat' dir='ltr'><strong><em>Rabelais,</em></strong></span> <span class='ocrx_word' id='word_1_200' title='bbox 559 2819 650 2864; x_wconf 84' lang='lat' dir='ltr'><strong><em>l&#39;enfant</em></strong></span> <span class='ocrx_word' id='word_1_201' title='bbox 658 2818 793 2875; x_wconf 84' lang='lat' dir='ltr'><strong><em>Pantagruel</em></strong></span> <span class='ocrx_word' id='word_1_202' title='bbox 803 2825 883 2863; x_wconf 88' lang='lat' dir='ltr'><strong><em>trouve</em></strong></span> <span class='ocrx_word' id='word_1_203' title='bbox 891 2832 956 2864; x_wconf 83' lang='lat' dir='ltr'><strong><em>mau-</em></strong></span> 
     </span>
     <span class='ocr_line' id='line_1_30' title="bbox 260 2879 955 2940; baseline -0.003 -12"><span class='ocrx_word' id='word_1_204' title='bbox 260 2883 309 2928; x_wconf 78' lang='lat' dir='ltr'><strong><em>vais</em></strong></span> <span class='ocrx_word' id='word_1_205' title='bbox 323 2882 376 2938; x_wconf 67' lang='lat' dir='ltr'><strong><em>qu&#39;i</em></strong></span> <span class='ocrx_word' id='word_1_206' title='bbox 394 2882 491 2927; x_wconf 82' lang='lat' dir='ltr'><strong><em>certains</em></strong></span> <span class='ocrx_word' id='word_1_207' title='bbox 508 2882 592 2938; x_wconf 81' lang='lat' dir='ltr'><strong><em>grands</em></strong></span> <span class='ocrx_word' id='word_1_208' title='bbox 604 2894 669 2938; x_wconf 82' lang='lat' dir='ltr'><strong><em>repas</em></strong></span> <span class='ocrx_word' id='word_1_209' title='bbox 680 2894 723 2937; x_wconf 87' lang='lat' dir='ltr'><strong><em>quc</em></strong></span> <span class='ocrx_word' id='word_1_210' title='bbox 733 2879 826 2925; x_wconf 83' lang='lat' dir='ltr'><strong><em>donnait</em></strong></span> <span class='ocrx_word' id='word_1_211' title='bbox 841 2894 883 2926; x_wconf 84' lang='lat' dir='ltr'><strong><em>son</em></strong></span> <span class='ocrx_word' id='word_1_212' title='bbox 892 2882 955 2940; x_wconf 64' lang='lat' dir='ltr'><strong><em>pere,</em></strong></span> 
     </span>
     <span class='ocr_line' id='line_1_31' title="bbox 259 2941 954 2999; baseline -0.003 -10"><span class='ocrx_word' id='word_1_213' title='bbox 259 2956 290 2989; x_wconf 91' lang='lat' dir='ltr'><strong><em>on</em></strong></span> <span class='ocrx_word' id='word_1_214' title='bbox 308 2944 364 2989; x_wconf 74' lang='lat' dir='ltr'><strong><em>l&#39;efit</em></strong></span> <span class='ocrx_word' id='word_1_215' title='bbox 381 2943 478 2989; x_wconf 70' lang='lat' dir='ltr'><strong><em>laisset</em></strong></span> <span class='ocrx_word' id='word_1_216' title='bbox 496 2943 641 2989; x_wconf 84' lang='lat' dir='ltr'><strong><em>recutorum.</em></strong></span> <span class='ocrx_word' id='word_1_217' title='bbox 657 2967 684 2975; x_wconf 86' lang='lat'><em>-</em></span> <span class='ocrx_word' id='word_1_218' title='bbox 700 2941 839 2999; x_wconf 83' lang='lat' dir='ltr'><strong><em>Cependant,</em></strong></span> <span class='ocrx_word' id='word_1_219' title='bbox 855 2943 954 2988; x_wconf 65' lang='lat' dir='ltr'><strong><em>l&#39;ddition</em></strong></span> 
     </span>
     <span class='ocr_line' id='line_1_32' title="bbox 258 3002 955 3061; baseline -0.003 -12"><span class='ocrx_word' id='word_1_220' title='bbox 258 3005 312 3051; x_wconf 88' lang='lat' dir='ltr'><strong><em>sine</em></strong></span> <span class='ocrx_word' id='word_1_221' title='bbox 330 3006 382 3050; x_wconf 86' lang='lat' dir='ltr'><strong><em>loco</em></strong></span> <span class='ocrx_word' id='word_1_222' title='bbox 398 3004 426 3050; x_wconf 81' lang='lat' dir='ltr'><strong><em>de</em></strong></span> <span class='ocrx_word' id='word_1_223' title='bbox 447 3005 513 3061; x_wconf 83' lang='lat'><strong><em>1553,</em></strong></span> <span class='ocrx_word' id='word_1_224' title='bbox 532 3005 649 3061; x_wconf 76' lang='lat' dir='ltr'><strong><em>imprimee</em></strong></span> <span class='ocrx_word' id='word_1_225' title='bbox 670 3017 699 3050; x_wconf 86' lang='lat' dir='ltr'><strong><em>en</em></strong></span> <span class='ocrx_word' id='word_1_226' title='bbox 713 3002 818 3060; x_wconf 79' lang='lat' dir='ltr'><strong><em>Italiqucs</em></strong></span> <span class='ocrx_word' id='word_1_227' title='bbox 832 3005 904 3061; x_wconf 82' lang='lat' dir='ltr'><strong><em>etqui</em></strong></span> <span class='ocrx_word' id='word_1_228' title='bbox 920 3011 955 3049; x_wconf 85' lang='lat' dir='ltr'><strong><em>est</em></strong></span> 
     </span>
     <span class='ocr_line' id='line_1_33' title="bbox 260 3066 832 3124; baseline -0.002 -13"><span class='ocrx_word' id='word_1_229' title='bbox 260 3067 428 3124; x_wconf 62' lang='lat' dir='ltr'><strong><em>genialemsnt</em></strong></span> <span class='ocrx_word' id='word_1_230' title='bbox 439 3073 547 3124; x_wconf 86' lang='lat' dir='ltr'><strong><em>correcte,</em></strong></span> <span class='ocrx_word' id='word_1_231' title='bbox 562 3073 627 3124; x_wconf 86' lang='lat' dir='ltr'><strong><em>porte</em></strong></span> <span class='ocrx_word' id='word_1_232' title='bbox 640 3079 655 3112; x_wconf 96' lang='lat' dir='ltr'><strong><em>a</em></strong></span> <span class='ocrx_word' id='word_1_233' title='bbox 666 3066 810 3119; x_wconf 81' lang='lat' dir='ltr'><strong><em>necatorum.</em></strong></span> <span class='ocrx_word' id='word_1_234' title='bbox 829 3111 832 3117; x_wconf 78' lang='grc'>,</span> 
     </span>
    </p>
   </div>
   <div class='ocr_carea' id='block_1_5' title="bbox 0 0 1354 3800">
    <p class='ocr_par' dir='ltr' id='par_1_5' title="bbox 0 0 1354 3800">
     <span class='ocr_line' id='line_1_34' title="bbox 0 0 1354 3800; baseline 0 1"><span class='ocrx_word' id='word_1_235' title='bbox 0 0 1354 3800; x_wconf 95' lang='lat' dir='ltr'><strong><em> </em></strong></span> 
     </span>
    </p>
   </div>
  </div>
 </body>
</html>
