2700 3800
510 518 546 554 ou
566 501 733 556 Passuvnur
910 520 961 575 119

271 632 417 678 eteorum
438 622 562 696 sequela,
589 623 638 697 qui
661 641 716 679 non
730 634 912 680 cessaverunt
926 625 962 680 de

271 701 382 757 addere
396 720 483 756 unum
502 718 590 777 super
604 703 706 771 altero,
728 703 817 758 donec
829 713 960 760 uastare-

271 791 342 836 runt
354 790 454 837 totum.
478 782 520 835 Et
535 782 737 856 hincapparet
755 781 830 856 quod
852 782 962 852 (dicunt

274 861 326 916 isti
339 860 480 932 haretici)
494 860 587 934 Papa
600 861 786 928 mentiuntur,
804 862 917 935 quando
930 878 962 918 se

270 939 372 994 dicunt
385 956 561 996 successores
575 939 664 995 Petri
675 950 705 995 ct
717 940 806 995 Pauli
825 952 875 998 :et
886 941 961 1016 quod

271 1017 402 1092 ipsorum
416 1018 510 1074 clares
523 1036 577 1074 non
587 1029 710 1094 possunt
723 1036 834 1075 errare.

309 1974 395 2044 Quod
407 1983 503 2030 autem
522 1983 552 2028 tu
572 1974 646 2031 dicis
662 1974 811 2049 :Propter
829 1974 959 2051 iongitu-

270 2053 370 2109 dinem
399 2053 490 2108 muita
516 2053 625 2130 scripta
651 2070 714 2110 esse
739 2055 872 2124 breuiter,
895 2072 961 2129 qna

270 2133 407 2208 Apostoli
428 2132 466 2187 ad
490 2131 608 2210 longum
637 2132 777 2189 dixerunt
796 2135 880 2189 :noc
904 2151 959 2189 non

271 2211 372 2288 magis
395 2212 524 2287 pertinet
546 2213 585 2267 ad
601 2213 794 2287 propositum,
817 2231 903 2288 quam
924 2229 959 2268 ea

270 2309 337 2367 quoe
346 2309 423 2366 soepe
433 2301 463 2346 tu
473 2290 588 2348 dicebas
599 2292 627 2347 in
636 2292 834 2362 Parlamento,
846 2292 959 2367 quando

271 2381 303 2425 tu
309 2370 546 2441 erasaduocatus‚
560 2370 632 2426 adeo
643 2380 779 2427 utontnes
787 2389 840 2426 non
842 2379 960 2446 possent

270 2448 379 2536 haipere
387 2449 561 2525 patientiam
579 2469 586 2504 .·
604 2460 632 2505 et
648 2451 704 2506 ituc
722 2450 810 2505 etiam
828 2452 961 2523 referunt

270 2528 369 2584 omnia
391 2546 456 2602 quae
479 2529 615 2603 adfertis,
641 2528 754 2584 deuon
781 2527 960 2604 baptizandis

271 2607 482 2673 meretricibus,
500 2608 536 2664 de
554 2627 609 2664 non
623 2609 785 2685 jungendis
804 2608 959 2665 matrimo-

271 2688 328 2743 niis
340 2704 405 2742 cnm
421 2687 591 2763 infidelibus,
604 2687 639 2744 de
652 2689 787 2745 descensu
800 2687 913 2744 Christi
921 2686 960 2742 ad
1060 2727 1063 2731 .

272 2767 397 2842 inferos,
419 2767 455 2822 de
474 2767 566 2825 tribus
580 2769 713 2844 personis
736 2767 906 2837 Trinitatis,
925 2767 960 2822 de

271 2845 427 2921 baptiqatis
435 2847 592 2920 Apostoiis,
605 2858 633 2902 et
642 2847 753 2903 similia
765 2866 828 2922 qua
835 2846 960 2923 possetis
1040 2891 1042 2899 .

270 2927 406 3003 afferre:
429 2927 495 3000 quia
529 2926 581 2981 iila
607 2927 652 2983 rei
674 2927 900 2998 fundamentum
930 2927 958 2980 in

270 3005 434 3082 Scripturis
458 3006 526 3061 bene
544 3004 701 3080 firmatum
729 3004 840 3073 habent,
864 3015 892 3059 et
916 3004 959 3060 sic
