2700 3800
549 519 602 556 ‘ms
623 502 788 557 Pussuvnus
971 499 1020 556 103

336 626 426 683 dieunt
441 625 481 684 de
494 635 555 683 toto
570 626 627 683 isto
642 623 791 701 Capitulo.
815 623 893 694 Quia
907 624 1024 680 etiamsi

335 706 431 783 reliqui
449 704 589 782 Apostoli
601 704 793 779 nonsuerunt
814 704 907 775 otiosi,
928 713 1023 759 tamen

334 804 380 842 non
392 786 529 863 sequitur
551 785 629 860 quod
641 784 773 860 secerint
794 801 906 859 eaquae
920 792 951 839 tu
972 782 1023 839 de-

329 865 432 940 fendis.
450 866 518 921 Imo
530 864 719 936 contrarium,
734 880 878 938 nunquam
884 863 1024 937 fecerunt

331 944 440 1021 aliquid
468 944 617 1000 diversum
643 953 696 999 aut
719 943 901 1000 contrarium
928 942 966 998 ab
987 942 1023 998 iis

331 1042 450 1100 quorum
461 1024 583 1099 Scripta
597 1023 736 1080 habemus
750 1043 759 1078 s
774 1023 833 1079 nisi
844 1022 916 1079 uelis
928 1022 1024 1078 dicere

330 1103 401 1177 quod
423 1103 558 1178 Spiritus
582 1103 710 1159 Sanctus
732 1102 772 1159 sit
795 1102 902 1159 diuisus
915 1119 1020 1170 secum,

329 1184 398 1240 sicut
419 1182 554 1258 Spiritus
577 1182 739 1239 diabolicus
753 1181 862 1239 divisus
877 1191 920 1237 est
939 1182 967 1237 in
983 1190 1024 1236 tot

329 1265 427 1320 Sectas
454 1272 526 1337 quot
546 1271 613 1318 sunt
644 1261 762 1318 ordines
799 1262 1022 1318 Monachorum.

333 1341 413 1399 Unde
439 1339 587 1416 colligunt
610 1339 712 1410 etiam,
737 1340 813 1415 quod
840 1351 871 1396 tu
898 1339 1025 1396 Domine

330 1418 625 1497 Nuper-Prasidens,
643 1419 778 1475 mentiris
785 1419 924 1493 soetidius
937 1434 1024 1494 quam

330 1500 426 1556 decem
450 1496 549 1556 millia
572 1498 746 1568 Musarum,
774 1498 802 1555 si
821 1499 895 1575 fieri
911 1507 1020 1574 posset,

331 1578 441 1654 quando
461 1589 494 1633 tu
515 1577 598 1648 dicis,
617 1577 695 1653 quod
706 1578 839 1634 Ecclesia
852 1595 967 1654 semper
982 1587 1023 1633 te·

332 1659 391 1715 nuit
405 1658 480 1716 istas
497 1658 678 1715 ceremonias
699 1667 729 1713 et
748 1658 928 1715 traditiones.
948 1658 1025 1728 Quia

333 1748 437 1808 contra,
453 1753 525 1794 rera
537 1736 673 1794 Ecclesia
687 1754 753 1811 qua
771 1754 826 1793 non
837 1736 920 1793 audit
933 1736 1024 1793 aliam

333 1834 532 1893 vocemquam
553 1816 601 1873 sui
625 1816 732 1892 sponsi,
760 1834 904 1892 nunquam
918 1833 969 1873 eas
983 1826 1024 1872 te-

334 1896 399 1954 nuit.
419 1896 482 1956 Sed
502 1895 573 1953 bene
589 1914 690 1953 uerum
706 1906 750 1954 est
772 1896 848 1972 quod
861 1896 900 1953 ad
914 1907 1026 1972 tempus

335 1976 476 2034 Dominus
487 1976 627 2052 permisit
641 1977 772 2032 homines
786 1994 841 2032 uon
856 1977 955 2034 videre
969 1976 1025 2033 nisi

336 2055 411 2113 ualde
423 2054 552 2126 obscure,
570 2055 659 2112 donec
679 2055 788 2112 iterum
798 2056 1026 2130 saceretvenire

338 2135 421 2192 lucem
441 2152 538 2205 suam,
558 2152 623 2211 qua
643 2135 823 2210 discoperuit
834 2135 972 2211 poculum
987 2135 1027 2191 ad

339 2231 420 2285 rosas,
444 2232 504 2291 per
530 2215 712 2271 contrarium
741 2214 889 2289 loquendo.
921 2216 1027 2290 Neque

339 2310 428 2350 rerum
440 2303 485 2352 est
492 2293 588 2367 (salva
598 2303 649 2349 tua
659 2293 899 2368 Nunc-Ablatia)
911 2294 988 2369 quod
996 2305 1026 2352 tu

339 2371 410 2442 dicis,
427 2373 503 2449 quod
517 2373 680 2430 authoritas
702 2374 866 2449 Scriptura
884 2374 1027 2449 dependet

341 2451 371 2506 al
388 2452 524 2510 Ecclesia
537 2473 547 2509 .·
560 2453 613 2509 sed
630 2462 732 2509 contra
755 2471 856 2510 verum
877 2464 929 2524 est,
951 2454 1027 2529 quod

342 2547 402 2587 iera
421 2532 557 2591 Ecclesia
568 2532 755 2609 cognoscitur
766 2551 785 2589 a
793 2533 889 2607 salsa,
905 2543 934 2590 et
945 2533 1027 2609 Apo-

343 2611 436 2668 statica
455 2611 517 2669 sive
535 2613 680 2682 Romana,
698 2629 739 2669 ex
759 2613 881 2688 eoquod
896 2613 1028 2669 illavere

344 2690 435 2765 recipit
453 2692 663 2769 Euangelium
684 2692 741 2749 ista
760 2710 828 2749 vero
851 2711 906 2749 non
926 2693 1027 2768 recipit

344 2766 392 2825 nisi
407 2787 464 2845 per
489 2770 656 2845 fictionem,
687 2772 800 2846 quando
829 2771 912 2827 illum
940 2772 1027 2828 adul-

346 2854 410 2904 terat
425 2867 482 2924 per
502 2867 557 2907 sua
573 2850 768 2924 soetidissima
779 2861 910 2907 stercora
929 2852 1027 2909 Cano-

345 2925 486 2999 uiuorum,
503 2938 532 2984 et
544 2930 762 3006 sophistarum.
777 2931 883 3002 Etim,
900 2932 1028 2988 Domine

345 3003 626 3081 Nuper-Praestiteris,
653 3027 704 3067 uos
733 3011 802 3067 estis
831 3009 899 3067 lene
924 3012 1021 3068 soluti.
