<?xml version="1.0" encoding="UTF-8"?>
<!DOCTYPE html PUBLIC "-//W3C//DTD XHTML 1.0 Transitional//EN"
    "http://www.w3.org/TR/xhtml1/DTD/xhtml1-transitional.dtd">
<html xmlns="http://www.w3.org/1999/xhtml" xml:lang="en" lang="en">
 <head>
  <title>
</title>
<meta http-equiv="Content-Type" content="text/html;charset=utf-8" />
  <meta name='ocr-system' content='tesseract 3.04.00' />
  <meta name='ocr-capabilities' content='ocr_page ocr_carea ocr_par ocr_line ocrx_word'/>
</head>
<body>
  <div class='ocr_page' id='page_1' title='image "./lepassavantdeth00goog_0092.png"; bbox 0 0 2700 3800; ppageno 0'>
   <div class='ocr_carea' id='block_1_1' title="bbox 496 504 954 577">
    <p class='ocr_par' dir='ltr' id='par_1_1' title="bbox 496 504 954 577">
     <span class='ocr_line' id='line_1_1' title="bbox 496 504 954 577; baseline 0 -17"><span class='ocrx_word' id='word_1_1' title='bbox 496 523 531 561; x_wconf 79' lang='lat' dir='ltr'><strong><em>oc</em></strong></span> <span class='ocrx_word' id='word_1_2' title='bbox 552 506 722 560; x_wconf 72' lang='lat' dir='ltr'><strong><em>Pssssvsur</em></strong></span> <span class='ocrx_word' id='word_1_3' title='bbox 920 504 954 577; x_wconf 84' lang='lat'><strong><em>75</em></strong></span> 
     </span>
    </p>
   </div>
   <div class='ocr_carea' id='block_1_2' title="bbox 220 626 959 3097">
    <p class='ocr_par' dir='ltr' id='par_1_2' title="bbox 220 626 959 3097">
     <span class='ocr_line' id='line_1_2' title="bbox 255 626 955 703; baseline 0 -19"><span class='ocrx_word' id='word_1_4' title='bbox 255 629 359 685; x_wconf 89' lang='lat' dir='ltr'><strong><em>dicitis</em></strong></span> <span class='ocrx_word' id='word_1_5' title='bbox 382 627 458 703; x_wconf 87' lang='lat' dir='ltr'><strong><em>quod</em></strong></span> <span class='ocrx_word' id='word_1_6' title='bbox 478 628 641 685; x_wconf 91' lang='lat' dir='ltr'><strong><em>innituntur</em></strong></span> <span class='ocrx_word' id='word_1_7' title='bbox 665 627 765 683; x_wconf 86' lang='lat' dir='ltr'><strong><em>baculo</em></strong></span> <span class='ocrx_word' id='word_1_8' title='bbox 785 626 955 699; x_wconf 88' lang='lat' dir='ltr'><strong><em>arundineo,</em></strong></span> 
     </span>
     <span class='ocr_line' id='line_1_3' title="bbox 257 706 959 783; baseline -0.004 -19"><span class='ocrx_word' id='word_1_9' title='bbox 257 709 417 771; x_wconf 88' lang='lat' dir='ltr'><strong><em>remittunt</em></strong></span> <span class='ocrx_word' id='word_1_10' title='bbox 441 726 491 765; x_wconf 86' lang='lat' dir='ltr'><strong><em>ros</em></strong></span> <span class='ocrx_word' id='word_1_11' title='bbox 515 709 554 764; x_wconf 94' lang='lat' dir='ltr'><strong><em>ad</em></strong></span> <span class='ocrx_word' id='word_1_12' title='bbox 581 707 758 777; x_wconf 73' lang='lat' dir='ltr'><strong><em>Sordonum,</em></strong></span> <span class='ocrx_word' id='word_1_13' title='bbox 784 716 817 762; x_wconf 94' lang='lat' dir='ltr'><strong><em>ut</em></strong></span> <span class='ocrx_word' id='word_1_14' title='bbox 833 706 894 783; x_wconf 85' lang='lat' dir='ltr'><strong><em>fiat</em></strong></span> <span class='ocrx_word' id='word_1_15' title='bbox 918 706 959 762; x_wconf 82' lang='lat' dir='ltr'><strong><em>ibi</em></strong></span> 
     </span>
     <span class='ocr_line' id='line_1_4' title="bbox 256 786 954 863; baseline -0.006 -18"><span class='ocrx_word' id='word_1_16' title='bbox 256 799 356 846; x_wconf 87' lang='lat' dir='ltr'><strong><em>vester</em></strong></span> <span class='ocrx_word' id='word_1_17' title='bbox 370 805 533 863; x_wconf 81' lang='lat' dir='ltr'><strong><em>processus.</em></strong></span> <span class='ocrx_word' id='word_1_18' title='bbox 553 790 597 845; x_wconf 92' lang='lat' dir='ltr'><strong><em>Et</em></strong></span> <span class='ocrx_word' id='word_1_19' title='bbox 614 788 684 862; x_wconf 88' lang='lat' dir='ltr'><strong><em>quia</em></strong></span> <span class='ocrx_word' id='word_1_20' title='bbox 702 787 848 843; x_wconf 83' lang='lat' dir='ltr'><strong><em>Dominus</em></strong></span> <span class='ocrx_word' id='word_1_21' title='bbox 866 786 954 856; x_wconf 83' lang='lat' dir='ltr'><strong><em>dixit,</em></strong></span> 
     </span>
     <span class='ocr_line' id='line_1_5' title="bbox 257 866 953 944; baseline -0.001 -20"><span class='ocrx_word' id='word_1_22' title='bbox 257 869 336 944; x_wconf 85' lang='lat' dir='ltr'><strong><em>quod</em></strong></span> <span class='ocrx_word' id='word_1_23' title='bbox 354 867 481 925; x_wconf 81' lang='lat' dir='ltr'><em>Verbum</em></span> <span class='ocrx_word' id='word_1_24' title='bbox 499 884 584 924; x_wconf 92' lang='lat' dir='ltr'><strong><em>suum</em></strong></span> <span class='ocrx_word' id='word_1_25' title='bbox 604 867 732 923; x_wconf 83' lang='lat' dir='ltr'><strong><em>manebit</em></strong></span> <span class='ocrx_word' id='word_1_26' title='bbox 753 866 782 922; x_wconf 91' lang='lat' dir='ltr'><strong><em>in</em></strong></span> <span class='ocrx_word' id='word_1_27' title='bbox 800 876 953 934; x_wconf 78' lang='lat' dir='ltr'><strong><em>aternum,</em></strong></span> 
     </span>
     <span class='ocr_line' id='line_1_6' title="bbox 257 946 957 1023; baseline 0 -18"><span class='ocrx_word' id='word_1_28' title='bbox 257 949 359 1005; x_wconf 88' lang='lat' dir='ltr'><strong><em>dicunt</em></strong></span> <span class='ocrx_word' id='word_1_29' title='bbox 372 947 450 1023; x_wconf 85' lang='lat' dir='ltr'><strong><em>quod</em></strong></span> <span class='ocrx_word' id='word_1_30' title='bbox 464 947 555 1005; x_wconf 88' lang='lat' dir='ltr'><strong><em>etiam</em></strong></span> <span class='ocrx_word' id='word_1_31' title='bbox 574 946 603 1004; x_wconf 88' lang='lat' dir='ltr'><strong><em>si</em></strong></span> <span class='ocrx_word' id='word_1_32' title='bbox 622 956 652 1002; x_wconf 89' lang='lat' dir='ltr'><strong><em>tu</em></strong></span> <span class='ocrx_word' id='word_1_33' title='bbox 670 946 830 1004; x_wconf 81' lang='lat' dir='ltr'><strong><em>adduceres</em></strong></span> <span class='ocrx_word' id='word_1_34' title='bbox 845 956 957 1005; x_wconf 87' lang='lat' dir='ltr'><strong><em>montes</em></strong></span> 
     </span>
     <span class='ocr_line' id='line_1_7' title="bbox 257 1026 958 1102; baseline -0.003 -18"><span class='ocrx_word' id='word_1_35' title='bbox 257 1028 411 1085; x_wconf 83' lang='lat' dir='ltr'><strong><em>Alverniae</em></strong></span> <span class='ocrx_word' id='word_1_36' title='bbox 419 1045 485 1084; x_wconf 91' lang='lat' dir='ltr'><strong><em>cum</em></strong></span> <span class='ocrx_word' id='word_1_37' title='bbox 499 1026 631 1084; x_wconf 84' lang='lat' dir='ltr'><strong><em>omnibus</em></strong></span> <span class='ocrx_word' id='word_1_38' title='bbox 642 1026 733 1083; x_wconf 87' lang='lat' dir='ltr'><strong><em>asinis</em></strong></span> <span class='ocrx_word' id='word_1_39' title='bbox 743 1027 842 1102; x_wconf 84' lang='lat' dir='ltr'><strong><em>patris</em></strong></span> <span class='ocrx_word' id='word_1_40' title='bbox 854 1027 906 1097; x_wconf 84' lang='lat' dir='ltr'><strong><em>tui,</em></strong></span> <span class='ocrx_word' id='word_1_41' title='bbox 917 1026 958 1083; x_wconf 89' lang='lat' dir='ltr'><strong><em>ad</em></strong></span> 
     </span>
     <span class='ocr_line' id='line_1_8' title="bbox 256 1106 956 1185; baseline -0.001 -22"><span class='ocrx_word' id='word_1_42' title='bbox 256 1106 451 1185; x_wconf 83' lang='lat' dir='ltr'><strong><em>pugnandum</em></strong></span> <span class='ocrx_word' id='word_1_43' title='bbox 476 1117 578 1164; x_wconf 91' lang='lat' dir='ltr'><strong><em>contra</em></strong></span> <span class='ocrx_word' id='word_1_44' title='bbox 606 1116 732 1163; x_wconf 89' lang='lat' dir='ltr'><strong><em>montem</em></strong></span> <span class='ocrx_word' id='word_1_45' title='bbox 759 1106 896 1185; x_wconf 88' lang='lat' dir='ltr'><strong><em>Domini,</em></strong></span> <span class='ocrx_word' id='word_1_46' title='bbox 926 1116 956 1162; x_wconf 87' lang='lat' dir='ltr'><strong><em>tu</em></strong></span> 
     </span>
     <span class='ocr_line' id='line_1_9' title="bbox 252 1186 957 1265; baseline -0.001 -22"><span class='ocrx_word' id='word_1_47' title='bbox 252 1189 387 1265; x_wconf 81' lang='lat' dir='ltr'><strong><em>franges</em></strong></span> <span class='ocrx_word' id='word_1_48' title='bbox 402 1187 455 1244; x_wconf 88' lang='lat' dir='ltr'><strong><em>tibi</em></strong></span> <span class='ocrx_word' id='word_1_49' title='bbox 467 1197 561 1263; x_wconf 86' lang='lat' dir='ltr'><strong><em>caput,</em></strong></span> <span class='ocrx_word' id='word_1_50' title='bbox 574 1197 604 1243; x_wconf 89' lang='lat' dir='ltr'><strong><em>et</em></strong></span> <span class='ocrx_word' id='word_1_51' title='bbox 618 1186 677 1243; x_wconf 86' lang='lat' dir='ltr'><strong><em>tuis</em></strong></span> <span class='ocrx_word' id='word_1_52' title='bbox 691 1186 834 1243; x_wconf 82' lang='lat' dir='ltr'><strong><em>montibus</em></strong></span> <span class='ocrx_word' id='word_1_53' title='bbox 849 1206 858 1241; x_wconf 82' lang='lat'><strong><em>.-</em></strong></span> <span class='ocrx_word' id='word_1_54' title='bbox 872 1196 901 1241; x_wconf 91' lang='lat' dir='ltr'><strong><em>et</em></strong></span> <span class='ocrx_word' id='word_1_55' title='bbox 915 1186 957 1254; x_wconf 81' lang='lat' dir='ltr'><strong><em>ita</em></strong></span> 
     </span>
     <span class='ocr_line' id='line_1_10' title="bbox 258 1265 957 1335; baseline -0.007 -8"><span class='ocrx_word' id='word_1_56' title='bbox 258 1284 292 1327; x_wconf 88' lang='lat' dir='ltr'><strong><em>se</em></strong></span> <span class='ocrx_word' id='word_1_57' title='bbox 311 1266 407 1324; x_wconf 80' lang='lat' dir='ltr'><strong><em>rident</em></strong></span> <span class='ocrx_word' id='word_1_58' title='bbox 422 1266 458 1323; x_wconf 89' lang='lat' dir='ltr'><strong><em>de</em></strong></span> <span class='ocrx_word' id='word_1_59' title='bbox 478 1266 583 1325; x_wconf 86' lang='lat' dir='ltr'><strong><em>restris</em></strong></span> <span class='ocrx_word' id='word_1_60' title='bbox 603 1265 723 1335; x_wconf 80' lang='lat' dir='ltr'><strong><em>uiribus,</em></strong></span> <span class='ocrx_word' id='word_1_61' title='bbox 745 1265 825 1322; x_wconf 90' lang='lat' dir='ltr'><strong><em>etde</em></strong></span> <span class='ocrx_word' id='word_1_62' title='bbox 847 1275 906 1321; x_wconf 93' lang='lat' dir='ltr'><strong><em>toto</em></strong></span> <span class='ocrx_word' id='word_1_63' title='bbox 924 1282 957 1322; x_wconf 89' lang='lat' dir='ltr'><strong><em>eo</em></strong></span> 
     </span>
     <span class='ocr_line' id='line_1_11' title="bbox 259 1344 954 1423; baseline -0.001 -20"><span class='ocrx_word' id='word_1_64' title='bbox 259 1346 339 1423; x_wconf 81' lang='lat' dir='ltr'><strong><em>quod</em></strong></span> <span class='ocrx_word' id='word_1_65' title='bbox 356 1347 489 1422; x_wconf 85' lang='lat' dir='ltr'><strong><em>potestis,</em></strong></span> <span class='ocrx_word' id='word_1_66' title='bbox 514 1356 574 1404; x_wconf 91' lang='lat' dir='ltr'><strong><em>tam</em></strong></span> <span class='ocrx_word' id='word_1_67' title='bbox 600 1357 631 1403; x_wconf 90' lang='lat' dir='ltr'><strong><em>tu</em></strong></span> <span class='ocrx_word' id='word_1_68' title='bbox 653 1363 739 1421; x_wconf 85' lang='lat' dir='ltr'><strong><em>quarn</em></strong></span> <span class='ocrx_word' id='word_1_69' title='bbox 767 1345 811 1401; x_wconf 89' lang='lat' dir='ltr'><strong><em>tui</em></strong></span> <span class='ocrx_word' id='word_1_70' title='bbox 831 1344 954 1403; x_wconf 83' lang='lat' dir='ltr'><strong><em>similes.</em></strong></span> 
     </span>
     <span class='ocr_line' id='line_1_12' title="bbox 259 1425 957 1502; baseline -0.004 -18"><span class='ocrx_word' id='word_1_71' title='bbox 259 1426 378 1484; x_wconf 90' lang='lat' dir='ltr'><strong><em>Deinde</em></strong></span> <span class='ocrx_word' id='word_1_72' title='bbox 392 1426 449 1501; x_wconf 89' lang='lat' dir='ltr'><strong><em>ipsi</em></strong></span> <span class='ocrx_word' id='word_1_73' title='bbox 460 1436 622 1502; x_wconf 81' lang='lat' dir='ltr'><strong><em>agnoscunt</em></strong></span> <span class='ocrx_word' id='word_1_74' title='bbox 635 1425 831 1482; x_wconf 85' lang='lat' dir='ltr'><strong><em>authoritates</em></strong></span> <span class='ocrx_word' id='word_1_75' title='bbox 842 1441 913 1501; x_wconf 85' lang='lat' dir='ltr'><strong><em>quas</em></strong></span> <span class='ocrx_word' id='word_1_76' title='bbox 926 1435 957 1481; x_wconf 91' lang='lat' dir='ltr'><strong><em>tu</em></strong></span> 
     </span>
     <span class='ocr_line' id='line_1_13' title="bbox 253 1504 956 1583; baseline -0.003 -20"><span class='ocrx_word' id='word_1_77' title='bbox 253 1507 383 1583; x_wconf 80' lang='lat' dir='ltr'><strong><em>furatus</em></strong></span> <span class='ocrx_word' id='word_1_78' title='bbox 403 1522 434 1562; x_wconf 86' lang='lat' dir='ltr'><strong><em>es</em></strong></span> <span class='ocrx_word' id='word_1_79' title='bbox 453 1523 495 1562; x_wconf 89' lang='lat' dir='ltr'><strong><em>ex</em></strong></span> <span class='ocrx_word' id='word_1_80' title='bbox 514 1505 599 1562; x_wconf 80' lang='lat' dir='ltr'><strong><em>libris</em></strong></span> <span class='ocrx_word' id='word_1_81' title='bbox 616 1506 756 1581; x_wconf 89' lang='lat' dir='ltr'><strong><em>ipsorum,</em></strong></span> <span class='ocrx_word' id='word_1_82' title='bbox 771 1504 811 1561; x_wconf 91' lang='lat' dir='ltr'><strong><em>ad</em></strong></span> <span class='ocrx_word' id='word_1_83' title='bbox 826 1504 956 1580; x_wconf 87' lang='lat' dir='ltr'><strong><em>proban·</em></strong></span> 
     </span>
     <span class='ocr_line' id='line_1_14' title="bbox 260 1584 954 1660; baseline -0.001 -19"><span class='ocrx_word' id='word_1_84' title='bbox 260 1585 332 1641; x_wconf 91' lang='lat' dir='ltr'><strong><em>dum</em></strong></span> <span class='ocrx_word' id='word_1_85' title='bbox 348 1585 424 1658; x_wconf 87' lang='lat' dir='ltr'><strong><em>quod</em></strong></span> <span class='ocrx_word' id='word_1_86' title='bbox 441 1585 514 1641; x_wconf 80' lang='lat' dir='ltr'><strong><em>nihil</em></strong></span> <span class='ocrx_word' id='word_1_87' title='bbox 533 1584 700 1641; x_wconf 89' lang='lat' dir='ltr'><strong><em>addendum</em></strong></span> <span class='ocrx_word' id='word_1_88' title='bbox 722 1594 765 1642; x_wconf 90' lang='lat' dir='ltr'><strong><em>est</em></strong></span> <span class='ocrx_word' id='word_1_89' title='bbox 782 1584 954 1660; x_wconf 78' lang='lat' dir='ltr'><strong><em>Scriptura,</em></strong></span> 
     </span>
     <span class='ocr_line' id='line_1_15' title="bbox 260 1664 955 1740; baseline -0.001 -20"><span class='ocrx_word' id='word_1_90' title='bbox 260 1664 340 1740; x_wconf 78' lang='lat' dir='ltr'><strong><em>quod</em></strong></span> <span class='ocrx_word' id='word_1_91' title='bbox 347 1665 627 1739; x_wconf 83' lang='lat' dir='ltr'><strong><em>quidemspectatad</em></strong></span> <span class='ocrx_word' id='word_1_92' title='bbox 634 1664 786 1721; x_wconf 82' lang='lat' dir='ltr'><strong><em>servitium</em></strong></span> <span class='ocrx_word' id='word_1_93' title='bbox 795 1665 864 1720; x_wconf 88' lang='lat' dir='ltr'><strong><em>Dei.</em></strong></span> <span class='ocrx_word' id='word_1_94' title='bbox 874 1665 955 1720; x_wconf 92' lang='lat' dir='ltr'><strong><em>Nam</em></strong></span> 
     </span>
     <span class='ocr_line' id='line_1_16' title="bbox 260 1743 958 1819; baseline -0.003 -19"><span class='ocrx_word' id='word_1_95' title='bbox 260 1744 300 1800; x_wconf 90' lang='lat' dir='ltr'><strong><em>de</em></strong></span> <span class='ocrx_word' id='word_1_96' title='bbox 322 1744 429 1801; x_wconf 82' lang='lat' dir='ltr'><strong><em>ritibus</em></strong></span> <span class='ocrx_word' id='word_1_97' title='bbox 452 1744 583 1801; x_wconf 89' lang='lat' dir='ltr'><strong><em>externis</em></strong></span> <span class='ocrx_word' id='word_1_98' title='bbox 607 1743 657 1819; x_wconf 84' lang='lat' dir='ltr'><strong><em>qui</em></strong></span> <span class='ocrx_word' id='word_1_99' title='bbox 679 1760 733 1800; x_wconf 94' lang='lat' dir='ltr'><strong><em>non</em></strong></span> <span class='ocrx_word' id='word_1_100' title='bbox 751 1744 899 1819; x_wconf 85' lang='lat' dir='ltr'><strong><em>pertinent</em></strong></span> <span class='ocrx_word' id='word_1_101' title='bbox 919 1743 958 1798; x_wconf 86' lang='lat' dir='ltr'><strong><em>cd</em></strong></span> 
     </span>
     <span class='ocr_line' id='line_1_17' title="bbox 261 1822 958 1899; baseline -0.006 -18"><span class='ocrx_word' id='word_1_102' title='bbox 261 1824 477 1893; x_wconf 85' lang='lat' dir='ltr'><strong><em>conscientiam,</em></strong></span> <span class='ocrx_word' id='word_1_103' title='bbox 503 1834 533 1879; x_wconf 90' lang='lat' dir='ltr'><strong><em>et</em></strong></span> <span class='ocrx_word' id='word_1_104' title='bbox 554 1824 688 1899; x_wconf 82' lang='lat' dir='ltr'><strong><em>quisunt</em></strong></span> <span class='ocrx_word' id='word_1_105' title='bbox 705 1824 787 1899; x_wconf 79' lang='lat' dir='ltr'><strong><em>sacti</em></strong></span> <span class='ocrx_word' id='word_1_106' title='bbox 808 1833 840 1877; x_wconf 92' lang='lat' dir='ltr'><strong><em>ut</em></strong></span> <span class='ocrx_word' id='word_1_107' title='bbox 859 1822 958 1878; x_wconf 87' lang='lat' dir='ltr'><strong><em>omnia</em></strong></span> 
     </span>
     <span class='ocr_line' id='line_1_18' title="bbox 253 1902 957 1982; baseline -0.003 -21"><span class='ocrx_word' id='word_1_108' title='bbox 253 1904 336 1982; x_wconf 85' lang='lat' dir='ltr'><strong><em>fiant</em></strong></span> <span class='ocrx_word' id='word_1_109' title='bbox 356 1915 433 1962; x_wconf 89' lang='lat' dir='ltr'><strong><em>recte</em></strong></span> <span class='ocrx_word' id='word_1_110' title='bbox 450 1915 479 1961; x_wconf 89' lang='lat' dir='ltr'><strong><em>et</em></strong></span> <span class='ocrx_word' id='word_1_111' title='bbox 496 1905 607 1975; x_wconf 88' lang='lat' dir='ltr'><strong><em>ordine,</em></strong></span> <span class='ocrx_word' id='word_1_112' title='bbox 630 1904 688 1979; x_wconf 86' lang='lat' dir='ltr'><strong><em>ipsi</em></strong></span> <span class='ocrx_word' id='word_1_113' title='bbox 705 1921 850 1978; x_wconf 85' lang='lat' dir='ltr'><strong><em>nunquam</em></strong></span> <span class='ocrx_word' id='word_1_114' title='bbox 869 1902 957 1959; x_wconf 88' lang='lat' dir='ltr'><strong><em>dixe·</em></strong></span> 
     </span>
     <span class='ocr_line' id='line_1_19' title="bbox 261 1982 958 2059; baseline -0.001 -18"><span class='ocrx_word' id='word_1_115' title='bbox 261 1994 341 2054; x_wconf 90' lang='lat' dir='ltr'><strong><em>runt,</em></strong></span> <span class='ocrx_word' id='word_1_116' title='bbox 358 2001 449 2059; x_wconf 86' lang='lat' dir='ltr'><strong><em>neque</em></strong></span> <span class='ocrx_word' id='word_1_117' title='bbox 463 1984 563 2041; x_wconf 89' lang='lat' dir='ltr'><strong><em>dicunt</em></strong></span> <span class='ocrx_word' id='word_1_118' title='bbox 577 1984 645 2059; x_wconf 85' lang='lat' dir='ltr'><strong><em>quin</em></strong></span> <span class='ocrx_word' id='word_1_119' title='bbox 662 1993 777 2059; x_wconf 88' lang='lat' dir='ltr'><strong><em>oportet</em></strong></span> <span class='ocrx_word' id='word_1_120' title='bbox 789 1993 821 2039; x_wconf 92' lang='lat' dir='ltr'><strong><em>ut</em></strong></span> <span class='ocrx_word' id='word_1_121' title='bbox 834 1982 958 2040; x_wconf 81' lang='lat' dir='ltr'><strong><em>habeant</em></strong></span> 
     </span>
     <span class='ocr_line' id='line_1_20' title="bbox 263 2063 957 2139; baseline -0.001 -19"><span class='ocrx_word' id='word_1_122' title='bbox 263 2065 294 2120; x_wconf 88' lang='lat' dir='ltr'><strong><em>in</em></strong></span> <span class='ocrx_word' id='word_1_123' title='bbox 314 2064 458 2135; x_wconf 88' lang='lat' dir='ltr'><strong><em>Ecclesia,</em></strong></span> <span class='ocrx_word' id='word_1_124' title='bbox 476 2065 632 2122; x_wconf 91' lang='lat' dir='ltr'><strong><em>secundum</em></strong></span> <span class='ocrx_word' id='word_1_125' title='bbox 645 2064 723 2139; x_wconf 85' lang='lat' dir='ltr'><strong><em>quod</em></strong></span> <span class='ocrx_word' id='word_1_126' title='bbox 738 2063 843 2120; x_wconf 90' lang='lat' dir='ltr'><strong><em>melius</em></strong></span> <span class='ocrx_word' id='word_1_127' title='bbox 857 2063 957 2138; x_wconf 88' lang='lat' dir='ltr'><strong><em>suerit</em></strong></span> 
     </span>
     <span class='ocr_line' id='line_1_21' title="bbox 258 2144 958 2221; baseline -0.003 -21"><span class='ocrx_word' id='word_1_128' title='bbox 258 2161 319 2221; x_wconf 92' lang='lat' dir='ltr'><strong><em>pro</em></strong></span> <span class='ocrx_word' id='word_1_129' title='bbox 340 2144 550 2202; x_wconf 88' lang='lat' dir='ltr'><strong><em>circunstantia</em></strong></span> <span class='ocrx_word' id='word_1_130' title='bbox 573 2144 717 2216; x_wconf 88' lang='lat' dir='ltr'><strong><em>locorum,</em></strong></span> <span class='ocrx_word' id='word_1_131' title='bbox 742 2153 905 2218; x_wconf 91' lang='lat' dir='ltr'><strong><em>temporum</em></strong></span> <span class='ocrx_word' id='word_1_132' title='bbox 929 2153 958 2199; x_wconf 94' lang='lat' dir='ltr'><strong><em>et</em></strong></span> 
     </span>
     <span class='ocr_line' id='line_1_22' title="bbox 258 2222 957 2300; baseline 0 -21"><span class='ocrx_word' id='word_1_133' title='bbox 258 2239 465 2300; x_wconf 86' lang='lat' dir='ltr'><strong><em>personarum.</em></strong></span> <span class='ocrx_word' id='word_1_134' title='bbox 481 2224 524 2281; x_wconf 91' lang='lat' dir='ltr'><strong><em>Et</em></strong></span> <span class='ocrx_word' id='word_1_135' title='bbox 537 2223 601 2280; x_wconf 90' lang='lat' dir='ltr'><strong><em>ideo</em></strong></span> <span class='ocrx_word' id='word_1_136' title='bbox 615 2241 669 2279; x_wconf 97' lang='lat' dir='ltr'><strong><em>non</em></strong></span> <span class='ocrx_word' id='word_1_137' title='bbox 685 2223 756 2280; x_wconf 81' lang='lat' dir='ltr'><strong><em>bene</em></strong></span> <span class='ocrx_word' id='word_1_138' title='bbox 768 2222 957 2280; x_wconf 78' lang='lat' dir='ltr'><strong><em>intellexistis</em></strong></span> 
     </span>
     <span class='ocr_line' id='line_1_23' title="bbox 255 2302 957 2380; baseline -0.001 -21"><span class='ocrx_word' id='word_1_139' title='bbox 255 2302 486 2380; x_wconf 84' lang='lat' dir='ltr'><strong><em>fundamentum</em></strong></span> <span class='ocrx_word' id='word_1_140' title='bbox 508 2321 617 2373; x_wconf 89' lang='lat' dir='ltr'><strong><em>eorum,</em></strong></span> <span class='ocrx_word' id='word_1_141' title='bbox 642 2313 671 2359; x_wconf 88' lang='lat' dir='ltr'><strong><em>et</em></strong></span> <span class='ocrx_word' id='word_1_142' title='bbox 691 2303 834 2379; x_wconf 85' lang='lat' dir='ltr'><strong><em>pugnatis</em></strong></span> <span class='ocrx_word' id='word_1_143' title='bbox 854 2312 957 2359; x_wconf 90' lang='lat' dir='ltr'><strong><em>contra</em></strong></span> 
     </span>
     <span class='ocr_line' id='line_1_24' title="bbox 262 2382 954 2458; baseline -0.004 -19"><span class='ocrx_word' id='word_1_144' title='bbox 262 2383 399 2439; x_wconf 83' lang='lat' dir='ltr'><strong><em>umbram</em></strong></span> <span class='ocrx_word' id='word_1_145' title='bbox 410 2393 536 2440; x_wconf 89' lang='lat' dir='ltr'><strong><em>uestram</em></strong></span> <span class='ocrx_word' id='word_1_146' title='bbox 550 2383 705 2458; x_wconf 80' lang='lat' dir='ltr'><strong><em>:quianon</em></strong></span> <span class='ocrx_word' id='word_1_147' title='bbox 718 2392 831 2438; x_wconf 87' lang='lat' dir='ltr'><strong><em>tantum</em></strong></span> <span class='ocrx_word' id='word_1_148' title='bbox 846 2382 954 2454; x_wconf 87' lang='lat' dir='ltr'><strong><em>dicunt,</em></strong></span> 
     </span>
     <span class='ocr_line' id='line_1_25' title="bbox 220 2452 956 2543; baseline -0.004 -23"><span class='ocrx_word' id='word_1_149' title='bbox 220 2535 223 2543; x_wconf 12' lang='grc' dir='ltr'>ἲ</span> <span class='ocrx_word' id='word_1_150' title='bbox 260 2462 469 2537; x_wconf 87' lang='lat' dir='ltr'><strong><em>sicut-putatis,</em></strong></span> <span class='ocrx_word' id='word_1_151' title='bbox 479 2463 555 2537; x_wconf 82' lang='lat' dir='ltr'><strong><em>quod</em></strong></span> <span class='ocrx_word' id='word_1_152' title='bbox 567 2452 689 2539; x_wconf 83' lang='lat' dir='ltr'><strong><em>Religio</em></strong></span> <span class='ocrx_word' id='word_1_153' title='bbox 698 2463 889 2539; x_wconf 90' lang='lat' dir='ltr'><strong><em>Papistarum</em></strong></span> <span class='ocrx_word' id='word_1_154' title='bbox 902 2478 956 2518; x_wconf 95' lang='lat' dir='ltr'><strong><em>non</em></strong></span> 
     </span>
     <span class='ocr_line' id='line_1_26' title="bbox 260 2541 957 2617; baseline -0.001 -17"><span class='ocrx_word' id='word_1_155' title='bbox 260 2542 304 2600; x_wconf 89' lang='lat' dir='ltr'><strong><em>sit</em></strong></span> <span class='ocrx_word' id='word_1_156' title='bbox 318 2541 348 2597; x_wconf 85' lang='lat' dir='ltr'><strong><em>in</em></strong></span> <span class='ocrx_word' id='word_1_157' title='bbox 361 2543 471 2600; x_wconf 87' lang='lat' dir='ltr'><strong><em>Sancta</em></strong></span> <span class='ocrx_word' id='word_1_158' title='bbox 489 2542 652 2617; x_wconf 76' lang='lat' dir='ltr'><strong><em>Scriptura,</em></strong></span> <span class='ocrx_word' id='word_1_159' title='bbox 669 2552 699 2598; x_wconf 91' lang='lat' dir='ltr'><strong><em>et</em></strong></span> <span class='ocrx_word' id='word_1_160' title='bbox 708 2559 765 2617; x_wconf 89' lang='lat' dir='ltr'><strong><em>per</em></strong></span> <span class='ocrx_word' id='word_1_161' title='bbox 783 2559 957 2617; x_wconf 82' lang='lat' dir='ltr'><strong><em>consequens</em></strong></span> 
     </span>
     <span class='ocr_line' id='line_1_27' title="bbox 257 2621 958 2698; baseline 0 -20"><span class='ocrx_word' id='word_1_162' title='bbox 257 2622 346 2698; x_wconf 86' lang='lat' dir='ltr'><strong><em>falsa</em></strong></span> <span class='ocrx_word' id='word_1_163' title='bbox 363 2631 394 2678; x_wconf 91' lang='lat' dir='ltr'><strong><em>et</em></strong></span> <span class='ocrx_word' id='word_1_164' title='bbox 411 2622 564 2697; x_wconf 85' lang='lat' dir='ltr'><strong><em>displicens</em></strong></span> <span class='ocrx_word' id='word_1_165' title='bbox 581 2624 646 2679; x_wconf 89' lang='lat' dir='ltr'><strong><em>Deo</em></strong></span> <span class='ocrx_word' id='word_1_166' title='bbox 665 2641 674 2676; x_wconf 90' lang='lat'><strong><em>.·</em></strong></span> <span class='ocrx_word' id='word_1_167' title='bbox 695 2621 756 2679; x_wconf 88' lang='lat' dir='ltr'><strong><em>uiso</em></strong></span> <span class='ocrx_word' id='word_1_168' title='bbox 776 2622 861 2697; x_wconf 80' lang='lat' dir='ltr'><strong><em>quod,</em></strong></span> <span class='ocrx_word' id='word_1_169' title='bbox 882 2621 958 2695; x_wconf 85' lang='lat' dir='ltr'><strong><em>quod</em></strong></span> 
     </span>
     <span class='ocr_line' id='line_1_28' title="bbox 262 2700 957 2778; baseline -0.001 -20"><span class='ocrx_word' id='word_1_170' title='bbox 262 2711 309 2760; x_wconf 88' lang='lat' dir='ltr'><strong><em>est</em></strong></span> <span class='ocrx_word' id='word_1_171' title='bbox 325 2703 388 2759; x_wconf 86' lang='lat' dir='ltr'><strong><em>sine</em></strong></span> <span class='ocrx_word' id='word_1_172' title='bbox 396 2701 461 2778; x_wconf 89' lang='lat' dir='ltr'><strong><em>fide</em></strong></span> <span class='ocrx_word' id='word_1_173' title='bbox 477 2711 629 2777; x_wconf 88' lang='lat' dir='ltr'><strong><em>peccatum</em></strong></span> <span class='ocrx_word' id='word_1_174' title='bbox 648 2711 701 2772; x_wconf 87' lang='lat' dir='ltr'><strong><em>est,</em></strong></span> <span class='ocrx_word' id='word_1_175' title='bbox 719 2711 748 2757; x_wconf 91' lang='lat' dir='ltr'><strong><em>et</em></strong></span> <span class='ocrx_word' id='word_1_176' title='bbox 768 2700 817 2756; x_wconf 82' lang='lat' dir='ltr'><strong><em>ubi</em></strong></span> <span class='ocrx_word' id='word_1_177' title='bbox 838 2718 892 2758; x_wconf 94' lang='lat' dir='ltr'><strong><em>non</em></strong></span> <span class='ocrx_word' id='word_1_178' title='bbox 914 2710 957 2757; x_wconf 94' lang='lat' dir='ltr'><strong><em>est</em></strong></span> 
     </span>
     <span class='ocr_line' id='line_1_29' title="bbox 262 2780 956 2857; baseline -0.004 -17"><span class='ocrx_word' id='word_1_179' title='bbox 262 2782 392 2848; x_wconf 82' lang='lat' dir='ltr'><strong><em>uerbum,</em></strong></span> <span class='ocrx_word' id='word_1_180' title='bbox 410 2799 465 2838; x_wconf 93' lang='lat' dir='ltr'><strong><em>non</em></strong></span> <span class='ocrx_word' id='word_1_181' title='bbox 471 2791 568 2857; x_wconf 90' lang='lat' dir='ltr'><strong><em>potest</em></strong></span> <span class='ocrx_word' id='word_1_182' title='bbox 582 2797 643 2839; x_wconf 92' lang='lat' dir='ltr'><strong><em>esse</em></strong></span> <span class='ocrx_word' id='word_1_183' title='bbox 649 2780 738 2854; x_wconf 77' lang='lat' dir='ltr'><strong><em>fideS,</em></strong></span> <span class='ocrx_word' id='word_1_184' title='bbox 752 2780 805 2837; x_wconf 87' lang='lat' dir='ltr'><strong><em>sed</em></strong></span> <span class='ocrx_word' id='word_1_185' title='bbox 817 2782 956 2857; x_wconf 75' lang='lat' dir='ltr'><strong><em>unasan-</em></strong></span> 
     </span>
     <span class='ocr_line' id='line_1_30' title="bbox 262 2859 957 2937; baseline 0 -21"><span class='ocrx_word' id='word_1_186' title='bbox 262 2862 350 2931; x_wconf 77' lang='lat' dir='ltr'><strong><em>tesia,</em></strong></span> <span class='ocrx_word' id='word_1_187' title='bbox 361 2861 438 2918; x_wconf 91' lang='lat' dir='ltr'><strong><em>sicut</em></strong></span> <span class='ocrx_word' id='word_1_188' title='bbox 448 2861 542 2917; x_wconf 81' lang='lat' dir='ltr'><strong><em>adhuc</em></strong></span> <span class='ocrx_word' id='word_1_189' title='bbox 558 2861 628 2918; x_wconf 87' lang='lat' dir='ltr'><strong><em>estis</em></strong></span> <span class='ocrx_word' id='word_1_190' title='bbox 637 2859 805 2917; x_wconf 84' lang='lat' dir='ltr'><strong><em>Praesidens</em></strong></span> <span class='ocrx_word' id='word_1_191' title='bbox 818 2877 874 2936; x_wconf 91' lang='lat' dir='ltr'><strong><em>per</em></strong></span> <span class='ocrx_word' id='word_1_192' title='bbox 883 2862 957 2937; x_wconf 82' lang='lat' dir='ltr'><strong><em>san·</em></strong></span> 
     </span>
     <span class='ocr_line' id='line_1_31' title="bbox 263 2941 956 3016; baseline -0.001 -19"><span class='ocrx_word' id='word_1_193' title='bbox 263 2941 372 2998; x_wconf 89' lang='lat' dir='ltr'><strong><em>tasiam</em></strong></span> <span class='ocrx_word' id='word_1_194' title='bbox 386 2951 414 2996; x_wconf 88' lang='lat' dir='ltr'><strong><em>et</em></strong></span> <span class='ocrx_word' id='word_1_195' title='bbox 427 2958 480 2997; x_wconf 96' lang='lat' dir='ltr'><strong><em>non</em></strong></span> <span class='ocrx_word' id='word_1_196' title='bbox 489 2959 546 3016; x_wconf 91' lang='lat' dir='ltr'><strong><em>per</em></strong></span> <span class='ocrx_word' id='word_1_197' title='bbox 557 2941 719 3011; x_wconf 82' lang='lat' dir='ltr'><strong><em>ueritatem,</em></strong></span> <span class='ocrx_word' id='word_1_198' title='bbox 735 2941 805 3014; x_wconf 87' lang='lat' dir='ltr'><strong><em>quia</em></strong></span> <span class='ocrx_word' id='word_1_199' title='bbox 816 2943 888 3004; x_wconf 82' lang='lat' dir='ltr'><strong><em>Rex</em></strong></span> <span class='ocrx_word' id='word_1_200' title='bbox 900 2958 956 2998; x_wconf 92' lang='lat' dir='ltr'><strong><em>non</em></strong></span> 
     </span>
     <span class='ocr_line' id='line_1_32' title="bbox 261 3020 957 3097; baseline -0.001 -21"><span class='ocrx_word' id='word_1_201' title='bbox 261 3021 345 3078; x_wconf 85' lang='lat' dir='ltr'><strong><em>dixit</em></strong></span> <span class='ocrx_word' id='word_1_202' title='bbox 362 3020 482 3078; x_wconf 79' lang='lat' dir='ltr'><strong><em>uerbum</em></strong></span> <span class='ocrx_word' id='word_1_203' title='bbox 498 3041 506 3077; x_wconf 90' lang='lat'>:</span> <span class='ocrx_word' id='word_1_204' title='bbox 525 3021 585 3093; x_wconf 88' lang='lat' dir='ltr'><strong><em>sed,</em></strong></span> <span class='ocrx_word' id='word_1_205' title='bbox 602 3021 679 3095; x_wconf 82' lang='lat' dir='ltr'><strong><em>quod</em></strong></span> <span class='ocrx_word' id='word_1_206' title='bbox 695 3021 764 3097; x_wconf 91' lang='lat' dir='ltr'><strong><em>plus</em></strong></span> <span class='ocrx_word' id='word_1_207' title='bbox 784 3031 836 3096; x_wconf 71' lang='lat' dir='ltr'><strong><em>est,</em></strong></span> <span class='ocrx_word' id='word_1_208' title='bbox 858 3022 957 3078; x_wconf 89' lang='lat' dir='ltr'><strong><em>dicunt</em></strong></span> 
     </span>
    </p>
   </div>
   <div class='ocr_carea' id='block_1_3' title="bbox 0 0 1359 3800">
    <p class='ocr_par' dir='ltr' id='par_1_3' title="bbox 0 0 1359 3800">
     <span class='ocr_line' id='line_1_33' title="bbox 0 0 1359 3800; baseline 0 0"><span class='ocrx_word' id='word_1_209' title='bbox 0 0 1359 3800; x_wconf 95' lang='lat' dir='ltr'><strong><em> </em></strong></span> 
     </span>
    </p>
   </div>
  </div>
 </body>
</html>
