<?xml version="1.0" encoding="UTF-8"?>
<!DOCTYPE html PUBLIC "-//W3C//DTD XHTML 1.0 Transitional//EN"
    "http://www.w3.org/TR/xhtml1/DTD/xhtml1-transitional.dtd">
<html xmlns="http://www.w3.org/1999/xhtml" xml:lang="en" lang="en">
 <head>
  <title>
</title>
<meta http-equiv="Content-Type" content="text/html;charset=utf-8" />
  <meta name='ocr-system' content='tesseract 3.04.00' />
  <meta name='ocr-capabilities' content='ocr_page ocr_carea ocr_par ocr_line ocrx_word'/>
</head>
<body>
  <div class='ocr_page' id='page_1' title='image "./lepassavantdeth00goog_0182.png"; bbox 0 0 2700 3800; ppageno 0'>
   <div class='ocr_carea' id='block_1_1' title="bbox 504 374 962 448">
    <p class='ocr_par' dir='ltr' id='par_1_1' title="bbox 504 374 962 448">
     <span class='ocr_line' id='line_1_1' title="bbox 504 374 962 448; baseline -0.002 -18"><span class='ocrx_word' id='word_1_1' title='bbox 504 391 541 430; x_wconf 78' lang='lat' dir='ltr'><em>ns</em></span> <span class='ocrx_word' id='word_1_2' title='bbox 560 375 730 431; x_wconf 77' lang='lat' dir='ltr'><em>Passnvnun</em></span> <span class='ocrx_word' id='word_1_3' title='bbox 911 374 962 448; x_wconf 87' lang='lat'><em>167</em></span> 
     </span>
    </p>
   </div>
   <div class='ocr_carea' id='block_1_2' title="bbox 212 496 964 2466">
    <p class='ocr_par' dir='ltr' id='par_1_2' title="bbox 212 496 964 1362">
     <span class='ocr_line' id='line_1_2' title="bbox 212 496 964 576; baseline -0.007 -19"><span class='ocrx_word' id='word_1_4' title='bbox 212 535 216 576; x_wconf 76' lang='lat'><em>,</em></span> <span class='ocrx_word' id='word_1_5' title='bbox 269 509 402 558; x_wconf 82' lang='lat' dir='ltr'><em>sanctam</em></span> <span class='ocrx_word' id='word_1_6' title='bbox 428 498 623 573; x_wconf 83' lang='lat' dir='ltr'><em>Scripturam.</em></span> <span class='ocrx_word' id='word_1_7' title='bbox 658 496 768 553; x_wconf 90' lang='lat' dir='ltr'><em>Dicunt</em></span> <span class='ocrx_word' id='word_1_8' title='bbox 803 498 880 552; x_wconf 90' lang='lat' dir='ltr'><em>euim</em></span> <span class='ocrx_word' id='word_1_9' title='bbox 914 497 964 553; x_wconf 88' lang='lat' dir='ltr'><em>isti</em></span> 
     </span>
     <span class='ocr_line' id='line_1_3' title="bbox 212 575 964 660; baseline -0.008 -24"><span class='ocrx_word' id='word_1_10' title='bbox 212 591 220 660; x_wconf 55' lang='lat' dir='ltr'><em>l</em></span> <span class='ocrx_word' id='word_1_11' title='bbox 270 578 410 648; x_wconf 76' lang='lat' dir='ltr'><em>ltoeretict‘,</em></span> <span class='ocrx_word' id='word_1_12' title='bbox 432 577 508 653; x_wconf 82' lang='lat' dir='ltr'><em>quod</em></span> <span class='ocrx_word' id='word_1_13' title='bbox 524 594 638 651; x_wconf 85' lang='lat' dir='ltr'><em>semper</em></span> <span class='ocrx_word' id='word_1_14' title='bbox 656 577 787 633; x_wconf 78' lang='lat' dir='ltr'><em>subvenit</em></span> <span class='ocrx_word' id='word_1_15' title='bbox 800 576 913 632; x_wconf 84' lang='lat' dir='ltr'><em>Robiuo</em></span> <span class='ocrx_word' id='word_1_16' title='bbox 928 575 964 631; x_wconf 89' lang='lat' dir='ltr'><em>de</em></span> 
     </span>
     <span class='ocr_line' id='line_1_4' title="bbox 270 656 963 734; baseline -0.006 -19"><span class='ocrx_word' id='word_1_17' title='bbox 270 659 331 715; x_wconf 86' lang='lat' dir='ltr'><em>suis</em></span> <span class='ocrx_word' id='word_1_18' title='bbox 335 658 460 734; x_wconf 84' lang='lat' dir='ltr'><em>fistulis,</em></span> <span class='ocrx_word' id='word_1_19' title='bbox 478 667 506 712; x_wconf 90' lang='lat' dir='ltr'><em>et</em></span> <span class='ocrx_word' id='word_1_20' title='bbox 527 656 591 712; x_wconf 90' lang='lat' dir='ltr'><em>ideo</em></span> <span class='ocrx_word' id='word_1_21' title='bbox 604 656 674 731; x_wconf 84' lang='lat' dir='ltr'><em>quia</em></span> <span class='ocrx_word' id='word_1_22' title='bbox 693 665 723 710; x_wconf 89' lang='lat' dir='ltr'><em>tu</em></span> <span class='ocrx_word' id='word_1_23' title='bbox 742 673 772 712; x_wconf 92' lang='lat' dir='ltr'><em>es</em></span> <span class='ocrx_word' id='word_1_24' title='bbox 786 672 859 711; x_wconf 93' lang='lat' dir='ltr'><em>uuus</em></span> <span class='ocrx_word' id='word_1_25' title='bbox 875 656 963 711; x_wconf 85' lang='lat' dir='ltr'><em>bouus</em></span> 
     </span>
     <span class='ocr_line' id='line_1_5' title="bbox 239 734 962 810; baseline -0.006 -17"><span class='ocrx_word' id='word_1_26' title='bbox 239 787 248 794; x_wconf 84' lang='lat'>.</span> <span class='ocrx_word' id='word_1_27' title='bbox 270 737 432 793; x_wconf 80' lang='lat' dir='ltr'><em>arcitenens</em></span> <span class='ocrx_word' id='word_1_28' title='bbox 442 735 478 791; x_wconf 91' lang='lat' dir='ltr'><em>de</em></span> <span class='ocrx_word' id='word_1_29' title='bbox 490 736 574 803; x_wconf 83' lang='lat' dir='ltr'><em>uitro,</em></span> <span class='ocrx_word' id='word_1_30' title='bbox 593 744 623 789; x_wconf 91' lang='lat' dir='ltr'><em>tu</em></span> <span class='ocrx_word' id='word_1_31' title='bbox 638 734 755 810; x_wconf 76' lang='lat' dir='ltr'><em>elegisti</em></span> <span class='ocrx_word' id='word_1_32' title='bbox 766 734 853 791; x_wconf 91' lang='lat' dir='ltr'><em>istum</em></span> <span class='ocrx_word' id='word_1_33' title='bbox 867 734 962 789; x_wconf 91' lang='lat' dir='ltr'><em>locum</em></span> 
     </span>
     <span class='ocr_line' id='line_1_6' title="bbox 271 813 959 891; baseline -0.007 -17"><span class='ocrx_word' id='word_1_34' title='bbox 271 817 449 891; x_wconf 80' lang='lat' dir='ltr'><em>Scriptura,</em></span> <span class='ocrx_word' id='word_1_35' title='bbox 480 814 508 870; x_wconf 89' lang='lat' dir='ltr'><em>in</em></span> <span class='ocrx_word' id='word_1_36' title='bbox 536 831 592 890; x_wconf 84' lang='lat' dir='ltr'><em>quo</em></span> <span class='ocrx_word' id='word_1_37' title='bbox 611 813 653 889; x_wconf 84' lang='lat' dir='ltr'><em>fit</em></span> <span class='ocrx_word' id='word_1_38' title='bbox 679 814 786 869; x_wconf 91' lang='lat' dir='ltr'><em>mentio</em></span> <span class='ocrx_word' id='word_1_39' title='bbox 812 813 848 868; x_wconf 89' lang='lat' dir='ltr'><em>de</em></span> <span class='ocrx_word' id='word_1_40' title='bbox 872 830 959 883; x_wconf 90' lang='lat' dir='ltr'><em>arcu,</em></span> 
     </span>
     <span class='ocr_line' id='line_1_7' title="bbox 270 892 961 970; baseline -0.007 -19"><span class='ocrx_word' id='word_1_41' title='bbox 270 894 390 970; x_wconf 73' lang='lat' dir='ltr'><em>quanvis</em></span> <span class='ocrx_word' id='word_1_42' title='bbox 404 910 458 949; x_wconf 91' lang='lat' dir='ltr'><em>non</em></span> <span class='ocrx_word' id='word_1_43' title='bbox 477 893 546 968; x_wconf 93' lang='lat' dir='ltr'><em>plus</em></span> <span class='ocrx_word' id='word_1_44' title='bbox 555 893 616 968; x_wconf 77' lang='lat' dir='ltr'><em>fiat</em></span> <span class='ocrx_word' id='word_1_45' title='bbox 629 892 668 947; x_wconf 89' lang='lat' dir='ltr'><em>ad</em></span> <span class='ocrx_word' id='word_1_46' title='bbox 678 892 860 967; x_wconf 92' lang='lat' dir='ltr'><em>propositum</em></span> <span class='ocrx_word' id='word_1_47' title='bbox 875 909 961 966; x_wconf 83' lang='lat' dir='ltr'><em>quam</em></span> 
     </span>
     <span class='ocr_line' id='line_1_8' title="bbox 269 972 961 1045; baseline -0.007 -15"><span class='ocrx_word' id='word_1_48' title='bbox 269 974 295 1029; x_wconf 89' lang='lat' dir='ltr'><em>si</em></span> <span class='ocrx_word' id='word_1_49' title='bbox 312 973 443 1030; x_wconf 86' lang='lat' dir='ltr'><em>canendo</em></span> <span class='ocrx_word' id='word_1_50' title='bbox 461 972 600 1042; x_wconf 82' lang='lat' dir='ltr'><em>Missam,</em></span> <span class='ocrx_word' id='word_1_51' title='bbox 621 981 652 1025; x_wconf 92' lang='lat' dir='ltr'><em>tu</em></span> <span class='ocrx_word' id='word_1_52' title='bbox 667 972 788 1045; x_wconf 80' lang='lat' dir='ltr'><em>faceres</em></span> <span class='ocrx_word' id='word_1_53' title='bbox 808 980 897 1026; x_wconf 88' lang='lat' dir='ltr'><em>totum</em></span> <span class='ocrx_word' id='word_1_54' title='bbox 919 973 961 1041; x_wconf 88' lang='lat' dir='ltr'><em>(tu</em></span> 
     </span>
     <span class='ocr_line' id='line_1_9' title="bbox 271 1048 961 1125; baseline -0.007 -17"><span class='ocrx_word' id='word_1_55' title='bbox 271 1051 339 1108; x_wconf 78' lang='lat' dir='ltr'><em>bene</em></span> <span class='ocrx_word' id='word_1_56' title='bbox 354 1068 403 1107; x_wconf 92' lang='lat' dir='ltr'><em>me</em></span> <span class='ocrx_word' id='word_1_57' title='bbox 418 1050 573 1125; x_wconf 85' lang='lat' dir='ltr'><em>intelligis)</em></span> <span class='ocrx_word' id='word_1_58' title='bbox 591 1049 619 1104; x_wconf 93' lang='lat' dir='ltr'><em>iu</em></span> <span class='ocrx_word' id='word_1_59' title='bbox 637 1049 743 1125; x_wconf 77' lang='lat' dir='ltr'><em>caligis</em></span> <span class='ocrx_word' id='word_1_60' title='bbox 757 1048 813 1105; x_wconf 91' lang='lat' dir='ltr'><em>tuis</em></span> <span class='ocrx_word' id='word_1_61' title='bbox 824 1050 863 1104; x_wconf 91' lang='lat' dir='ltr'><em>ad</em></span> <span class='ocrx_word' id='word_1_62' title='bbox 881 1066 961 1104; x_wconf 91' lang='lat' dir='ltr'><em>mar·</em></span> 
     </span>
     <span class='ocr_line' id='line_1_10' title="bbox 270 1127 960 1206; baseline -0.003 -19"><span class='ocrx_word' id='word_1_63' title='bbox 270 1130 427 1206; x_wconf 86' lang='lat' dir='ltr'><em>tingalam.</em></span> <span class='ocrx_word' id='word_1_64' title='bbox 448 1130 588 1204; x_wconf 80' lang='lat' dir='ltr'><em>Profecto</em></span> <span class='ocrx_word' id='word_1_65' title='bbox 600 1128 661 1184; x_wconf 83' lang='lat' dir='ltr'><em>liaec</em></span> <span class='ocrx_word' id='word_1_66' title='bbox 680 1138 722 1184; x_wconf 88' lang='lat' dir='ltr'><em>est</em></span> <span class='ocrx_word' id='word_1_67' title='bbox 736 1144 794 1183; x_wconf 90' lang='lat' dir='ltr'><em>uua</em></span> <span class='ocrx_word' id='word_1_68' title='bbox 813 1127 960 1185; x_wconf 84' lang='lat' dir='ltr'><em>mirabilis</em></span> 
     </span>
     <span class='ocr_line' id='line_1_11' title="bbox 271 1207 961 1284; baseline -0.003 -19"><span class='ocrx_word' id='word_1_69' title='bbox 271 1208 476 1284; x_wconf 77' lang='lat' dir='ltr'><em>interpretatio</em></span> <span class='ocrx_word' id='word_1_70' title='bbox 513 1207 717 1282; x_wconf 86' lang='lat' dir='ltr'><em>Tropologica,</em></span> <span class='ocrx_word' id='word_1_71' title='bbox 753 1216 782 1263; x_wconf 88' lang='lat' dir='ltr'><em>et</em></span> <span class='ocrx_word' id='word_1_72' title='bbox 818 1208 860 1262; x_wconf 90' lang='lat' dir='ltr'><em>ita</em></span> <span class='ocrx_word' id='word_1_73' title='bbox 892 1207 961 1263; x_wconf 92' lang='lat' dir='ltr'><em>estis</em></span> 
     </span>
     <span class='ocr_line' id='line_1_12' title="bbox 269 1286 596 1362; baseline -0.003 -17"><span class='ocrx_word' id='word_1_74' title='bbox 269 1288 358 1345; x_wconf 88' lang='lat' dir='ltr'><em>soluti</em></span> <span class='ocrx_word' id='word_1_75' title='bbox 369 1288 408 1343; x_wconf 86' lang='lat' dir='ltr'><em>de</em></span> <span class='ocrx_word' id='word_1_76' title='bbox 422 1286 528 1362; x_wconf 79' lang='lat' dir='ltr'><em>Capite</em></span> <span class='ocrx_word' id='word_1_77' title='bbox 545 1298 596 1352; x_wconf 79' lang='lat'><em>14.</em></span> 
     </span>
    </p>

    <p class='ocr_par' dir='ltr' id='par_1_3' title="bbox 266 1363 962 2466">
     <span class='ocr_line' id='line_1_13' title="bbox 303 1363 962 1442; baseline -0.003 -19"><span class='ocrx_word' id='word_1_78' title='bbox 303 1368 376 1442; x_wconf 88' lang='lat' dir='ltr'><em>Ego</em></span> <span class='ocrx_word' id='word_1_79' title='bbox 385 1366 523 1423; x_wconf 81' lang='lat' dir='ltr'><em>menenio</em></span> <span class='ocrx_word' id='word_1_80' title='bbox 537 1364 577 1420; x_wconf 89' lang='lat' dir='ltr'><em>ad</em></span> <span class='ocrx_word' id='word_1_81' title='bbox 588 1363 731 1420; x_wconf 92' lang='lat' dir='ltr'><em>decimum</em></span> <span class='ocrx_word' id='word_1_82' title='bbox 741 1363 872 1438; x_wconf 86' lang='lat' dir='ltr'><em>quintum</em></span> <span class='ocrx_word' id='word_1_83' title='bbox 890 1363 962 1421; x_wconf 88' lang='lat' dir='ltr'><em>:ubi</em></span> 
     </span>
     <span class='ocr_line' id='line_1_14' title="bbox 267 1442 961 1521; baseline -0.003 -20"><span class='ocrx_word' id='word_1_84' title='bbox 267 1445 401 1521; x_wconf 83' lang='lat' dir='ltr'><em>primum</em></span> <span class='ocrx_word' id='word_1_85' title='bbox 422 1455 452 1499; x_wconf 91' lang='lat' dir='ltr'><em>tu</em></span> <span class='ocrx_word' id='word_1_86' title='bbox 472 1443 596 1499; x_wconf 87' lang='lat' dir='ltr'><em>multum</em></span> <span class='ocrx_word' id='word_1_87' title='bbox 614 1442 712 1502; x_wconf 80' lang='lat' dir='ltr'><em>sudas,</em></span> <span class='ocrx_word' id='word_1_88' title='bbox 738 1444 766 1498; x_wconf 93' lang='lat' dir='ltr'><em>iu</em></span> <span class='ocrx_word' id='word_1_89' title='bbox 788 1443 961 1499; x_wconf 86' lang='lat' dir='ltr'><em>ostendendo</em></span> 
     </span>
     <span class='ocr_line' id='line_1_15' title="bbox 268 1522 960 1600; baseline -0.003 -20"><span class='ocrx_word' id='word_1_90' title='bbox 268 1524 344 1600; x_wconf 82' lang='lat' dir='ltr'><em>quod</em></span> <span class='ocrx_word' id='word_1_91' title='bbox 360 1532 465 1581; x_wconf 86' lang='lat' dir='ltr'><em>sancta</em></span> <span class='ocrx_word' id='word_1_92' title='bbox 482 1522 635 1596; x_wconf 84' lang='lat' dir='ltr'><em>Scriptura</em></span> <span class='ocrx_word' id='word_1_93' title='bbox 652 1522 765 1598; x_wconf 79' lang='lat' dir='ltr'><em>indiget</em></span> <span class='ocrx_word' id='word_1_94' title='bbox 785 1523 960 1596; x_wconf 89' lang='lat' dir='ltr'><em>interpreta-</em></span> 
     </span>
     <span class='ocr_line' id='line_1_16' title="bbox 270 1601 958 1678; baseline -0.007 -18"><span class='ocrx_word' id='word_1_95' title='bbox 270 1604 354 1673; x_wconf 86' lang='lat' dir='ltr'><em>tione,</em></span> <span class='ocrx_word' id='word_1_96' title='bbox 377 1602 454 1678; x_wconf 83' lang='lat' dir='ltr'><em>quod</em></span> <span class='ocrx_word' id='word_1_97' title='bbox 473 1601 569 1657; x_wconf 92' lang='lat' dir='ltr'><em>nullus</em></span> <span class='ocrx_word' id='word_1_98' title='bbox 591 1616 716 1675; x_wconf 85' lang='lat' dir='ltr'><em>unquam</em></span> <span class='ocrx_word' id='word_1_99' title='bbox 741 1602 795 1656; x_wconf 88' lang='lat' dir='ltr'><em>tibi</em></span> <span class='ocrx_word' id='word_1_100' title='bbox 816 1602 958 1676; x_wconf 84' lang='lat' dir='ltr'><em>negavit:</em></span> 
     </span>
     <span class='ocr_line' id='line_1_17' title="bbox 268 1679 956 1758; baseline -0.006 -20"><span class='ocrx_word' id='word_1_101' title='bbox 268 1683 336 1758; x_wconf 83' lang='lat' dir='ltr'><em>quia</em></span> <span class='ocrx_word' id='word_1_102' title='bbox 343 1682 422 1739; x_wconf 89' lang='lat' dir='ltr'><em>sicut</em></span> <span class='ocrx_word' id='word_1_103' title='bbox 431 1680 554 1736; x_wconf 80' lang='lat' dir='ltr'><em>dicimus</em></span> <span class='ocrx_word' id='word_1_104' title='bbox 565 1681 751 1753; x_wconf 87' lang='lat' dir='ltr'><em>Scripturam</em></span> <span class='ocrx_word' id='word_1_105' title='bbox 759 1697 821 1736; x_wconf 92' lang='lat' dir='ltr'><em>esse</em></span> <span class='ocrx_word' id='word_1_106' title='bbox 826 1679 956 1754; x_wconf 85' lang='lat' dir='ltr'><em>planam,</em></span> 
     </span>
     <span class='ocr_line' id='line_1_18' title="bbox 268 1758 961 1834; baseline -0.007 -17"><span class='ocrx_word' id='word_1_107' title='bbox 268 1762 310 1817; x_wconf 92' lang='lat' dir='ltr'><em>ita</em></span> <span class='ocrx_word' id='word_1_108' title='bbox 324 1760 415 1817; x_wconf 90' lang='lat' dir='ltr'><em>etiam</em></span> <span class='ocrx_word' id='word_1_109' title='bbox 431 1760 553 1816; x_wconf 81' lang='lat' dir='ltr'><em>dicimus</em></span> <span class='ocrx_word' id='word_1_110' title='bbox 564 1758 666 1834; x_wconf 82' lang='lat' dir='ltr'><em>quibus</em></span> <span class='ocrx_word' id='word_1_111' title='bbox 680 1759 719 1816; x_wconf 92' lang='lat' dir='ltr'><em>sit</em></span> <span class='ocrx_word' id='word_1_112' title='bbox 729 1759 820 1833; x_wconf 89' lang='lat' dir='ltr'><em>plana</em></span> <span class='ocrx_word' id='word_1_113' title='bbox 836 1778 844 1813; x_wconf 91' lang='grc'><em>.·</em></span> <span class='ocrx_word' id='word_1_114' title='bbox 860 1776 961 1833; x_wconf 91' lang='lat' dir='ltr'><em>nempe</em></span> 
     </span>
     <span class='ocr_line' id='line_1_19' title="bbox 268 1837 959 1915; baseline -0.007 -19"><span class='ocrx_word' id='word_1_115' title='bbox 268 1840 305 1897; x_wconf 87' lang='lat' dir='ltr'><em>iis</em></span> <span class='ocrx_word' id='word_1_116' title='bbox 317 1856 390 1915; x_wconf 81' lang='lat' dir='ltr'><em>quos</em></span> <span class='ocrx_word' id='word_1_117' title='bbox 402 1839 496 1895; x_wconf 88' lang='lat' dir='ltr'><em>Pater</em></span> <span class='ocrx_word' id='word_1_118' title='bbox 511 1837 686 1894; x_wconf 82' lang='lat' dir='ltr'><em>illuminarit</em></span> <span class='ocrx_word' id='word_1_119' title='bbox 698 1848 796 1893; x_wconf 91' lang='lat' dir='ltr'><em>sancto</em></span> <span class='ocrx_word' id='word_1_120' title='bbox 817 1855 871 1893; x_wconf 92' lang='lat' dir='ltr'><em>suo</em></span> <span class='ocrx_word' id='word_1_121' title='bbox 888 1837 959 1913; x_wconf 91' lang='lat' dir='ltr'><em>Spi-</em></span> 
     </span>
     <span class='ocr_line' id='line_1_20' title="bbox 268 1916 959 1993; baseline -0.006 -17"><span class='ocrx_word' id='word_1_122' title='bbox 268 1921 338 1990; x_wconf 86' lang='lat' dir='ltr'><em>ritu,</em></span> <span class='ocrx_word' id='word_1_123' title='bbox 369 1918 433 1975; x_wconf 89' lang='lat' dir='ltr'><em>sine</em></span> <span class='ocrx_word' id='word_1_124' title='bbox 454 1935 509 1993; x_wconf 84' lang='lat' dir='ltr'><em>quo</em></span> <span class='ocrx_word' id='word_1_125' title='bbox 531 1934 581 1974; x_wconf 88' lang='lat' dir='ltr'><em>nos</em></span> <span class='ocrx_word' id='word_1_126' title='bbox 604 1916 765 1974; x_wconf 88' lang='lat' dir='ltr'><em>clamamus</em></span> <span class='ocrx_word' id='word_1_127' title='bbox 788 1934 853 1972; x_wconf 90' lang='lat' dir='ltr'><em>cum</em></span> <span class='ocrx_word' id='word_1_128' title='bbox 878 1917 959 1973; x_wconf 84' lang='lat' dir='ltr'><em>beato</em></span> 
     </span>
     <span class='ocr_line' id='line_1_21' title="bbox 268 1994 958 2068; baseline -0.007 -12"><span class='ocrx_word' id='word_1_129' title='bbox 268 1996 374 2068; x_wconf 86' lang='lat' dir='ltr'><em>Paulo,</em></span> <span class='ocrx_word' id='word_1_130' title='bbox 393 1995 555 2053; x_wconf 88' lang='lat' dir='ltr'><em>Hominem</em></span> <span class='ocrx_word' id='word_1_131' title='bbox 570 1995 752 2052; x_wconf 86' lang='lat' dir='ltr'><em>animantem</em></span> <span class='ocrx_word' id='word_1_132' title='bbox 770 2013 831 2051; x_wconf 91' lang='lat' dir='ltr'><em>non</em></span> <span class='ocrx_word' id='word_1_133' title='bbox 851 1994 958 2052; x_wconf 87' lang='lat' dir='ltr'><em>intelli-</em></span> 
     </span>
     <span class='ocr_line' id='line_1_22' title="bbox 269 2074 960 2152; baseline -0.006 -19"><span class='ocrx_word' id='word_1_134' title='bbox 269 2094 338 2152; x_wconf 84' lang='lat' dir='ltr'><em>gere</em></span> <span class='ocrx_word' id='word_1_135' title='bbox 358 2093 427 2149; x_wconf 83' lang='lat' dir='ltr'><em>quae</em></span> <span class='ocrx_word' id='word_1_136' title='bbox 453 2074 507 2132; x_wconf 88' lang='lat' dir='ltr'><em>Dei</em></span> <span class='ocrx_word' id='word_1_137' title='bbox 528 2086 597 2131; x_wconf 89' lang='lat' dir='ltr'><em>sunt</em></span> <span class='ocrx_word' id='word_1_138' title='bbox 623 2093 629 2131; x_wconf 89' lang='lat'>:</span> <span class='ocrx_word' id='word_1_139' title='bbox 652 2085 682 2130; x_wconf 87' lang='lat' dir='ltr'><em>et</em></span> <span class='ocrx_word' id='word_1_140' title='bbox 701 2075 775 2148; x_wconf 86' lang='lat' dir='ltr'><em>quod</em></span> <span class='ocrx_word' id='word_1_141' title='bbox 792 2084 905 2149; x_wconf 88' lang='lat' dir='ltr'><em>oportet</em></span> <span class='ocrx_word' id='word_1_142' title='bbox 927 2084 960 2129; x_wconf 92' lang='lat' dir='ltr'><em>ut</em></span> 
     </span>
     <span class='ocr_line' id='line_1_23' title="bbox 269 2153 958 2230; baseline -0.006 -18"><span class='ocrx_word' id='word_1_143' title='bbox 269 2158 353 2213; x_wconf 88' lang='lat' dir='ltr'><em>Deus</em></span> <span class='ocrx_word' id='word_1_144' title='bbox 366 2154 482 2230; x_wconf 87' lang='lat' dir='ltr'><em>aperiat</em></span> <span class='ocrx_word' id='word_1_145' title='bbox 494 2154 583 2210; x_wconf 89' lang='lat' dir='ltr'><em>corda</em></span> <span class='ocrx_word' id='word_1_146' title='bbox 598 2153 689 2224; x_wconf 85' lang='lat' dir='ltr'><em>nobis,</em></span> <span class='ocrx_word' id='word_1_147' title='bbox 708 2155 784 2209; x_wconf 90' lang='lat' dir='ltr'><em>sicut</em></span> <span class='ocrx_word' id='word_1_148' title='bbox 798 2153 958 2228; x_wconf 87' lang='lat' dir='ltr'><em>Discipulis</em></span> 
     </span>
     <span class='ocr_line' id='line_1_24' title="bbox 268 2232 957 2308; baseline -0.007 -16"><span class='ocrx_word' id='word_1_149' title='bbox 268 2235 328 2292; x_wconf 88' lang='lat' dir='ltr'><em>suis</em></span> <span class='ocrx_word' id='word_1_150' title='bbox 341 2235 382 2289; x_wconf 92' lang='lat' dir='ltr'><em>ad</em></span> <span class='ocrx_word' id='word_1_151' title='bbox 395 2232 614 2308; x_wconf 87' lang='lat' dir='ltr'><em>intelligendum</em></span> <span class='ocrx_word' id='word_1_152' title='bbox 629 2233 807 2306; x_wconf 88' lang='lat' dir='ltr'><em>Scripturas.</em></span> <span class='ocrx_word' id='word_1_153' title='bbox 823 2233 866 2288; x_wconf 87' lang='lat' dir='ltr'><em>Et</em></span> <span class='ocrx_word' id='word_1_154' title='bbox 881 2248 957 2287; x_wconf 89' lang='lat' dir='ltr'><em>sem·</em></span> 
     </span>
     <span class='ocr_line' id='line_1_25' title="bbox 266 2309 959 2390; baseline -0.006 -21"><span class='ocrx_word' id='word_1_155' title='bbox 266 2331 323 2390; x_wconf 87' lang='lat' dir='ltr'><em>per</em></span> <span class='ocrx_word' id='word_1_156' title='bbox 340 2312 465 2368; x_wconf 85' lang='lat' dir='ltr'><em>dicimus</em></span> <span class='ocrx_word' id='word_1_157' title='bbox 481 2311 558 2387; x_wconf 84' lang='lat' dir='ltr'><em>quod</em></span> <span class='ocrx_word' id='word_1_158' title='bbox 574 2328 629 2366; x_wconf 89' lang='lat' dir='ltr'><em>non</em></span> <span class='ocrx_word' id='word_1_159' title='bbox 650 2311 744 2365; x_wconf 84' lang='lat' dir='ltr'><em>adhuc</em></span> <span class='ocrx_word' id='word_1_160' title='bbox 759 2309 959 2386; x_wconf 87' lang='lat' dir='ltr'><em>cognoscimus</em></span> 
     </span>
     <span class='ocr_line' id='line_1_26' title="bbox 269 2388 958 2466; baseline -0.009 -17"><span class='ocrx_word' id='word_1_161' title='bbox 269 2392 327 2449; x_wconf 88' lang='lat' dir='ltr'><em>nisi</em></span> <span class='ocrx_word' id='word_1_162' title='bbox 347 2408 390 2448; x_wconf 83' lang='lat' dir='ltr'><em>ex</em></span> <span class='ocrx_word' id='word_1_163' title='bbox 406 2401 502 2466; x_wconf 86' lang='lat' dir='ltr'><em>parte,</em></span> <span class='ocrx_word' id='word_1_164' title='bbox 526 2400 554 2446; x_wconf 92' lang='lat' dir='ltr'><em>et</em></span> <span class='ocrx_word' id='word_1_165' title='bbox 573 2389 636 2444; x_wconf 89' lang='lat' dir='ltr'><em>ideo</em></span> <span class='ocrx_word' id='word_1_166' title='bbox 658 2390 777 2462; x_wconf 82' lang='lat' dir='ltr'><em>quanvis</em></span> <span class='ocrx_word' id='word_1_167' title='bbox 800 2389 836 2444; x_wconf 91' lang='lat' dir='ltr'><em>de</em></span> <span class='ocrx_word' id='word_1_168' title='bbox 853 2388 958 2463; x_wconf 78' lang='lat' dir='ltr'><em>praeci-</em></span> 
     </span>
    </p>
   </div>
   <div class='ocr_carea' id='block_1_3' title="bbox 266 2467 959 2939">
    <p class='ocr_par' dir='ltr' id='par_1_4' title="bbox 266 2467 959 2939">
     <span class='ocr_line' id='line_1_27' title="bbox 266 2467 959 2547; baseline -0.006 -22"><span class='ocrx_word' id='word_1_169' title='bbox 266 2470 336 2547; x_wconf 85' lang='lat' dir='ltr'><em>puis</em></span> <span class='ocrx_word' id='word_1_170' title='bbox 362 2468 498 2526; x_wconf 76' lang='lat' dir='ltr'><em>articulis</em></span> <span class='ocrx_word' id='word_1_171' title='bbox 520 2486 575 2524; x_wconf 90' lang='lat' dir='ltr'><em>nou</em></span> <span class='ocrx_word' id='word_1_172' title='bbox 603 2467 774 2533; x_wconf 86' lang='lat' dir='ltr'><em>dubitemus,</em></span> <span class='ocrx_word' id='word_1_173' title='bbox 800 2467 869 2542; x_wconf 84' lang='lat' dir='ltr'><em>quia</em></span> <span class='ocrx_word' id='word_1_174' title='bbox 891 2476 959 2523; x_wconf 90' lang='lat' dir='ltr'><em>suut</em></span> 
     </span>
     <span class='ocr_line' id='line_1_28' title="bbox 269 2544 959 2624; baseline -0.009 -19"><span class='ocrx_word' id='word_1_175' title='bbox 269 2547 376 2624; x_wconf 84' lang='lat' dir='ltr'><em>aperti,</em></span> <span class='ocrx_word' id='word_1_176' title='bbox 404 2558 642 2620; x_wconf 87' lang='lat' dir='ltr'><em>tamensemper</em></span> <span class='ocrx_word' id='word_1_177' title='bbox 662 2546 765 2620; x_wconf 87' lang='lat' dir='ltr'><em>parati</em></span> <span class='ocrx_word' id='word_1_178' title='bbox 792 2562 891 2602; x_wconf 91' lang='lat' dir='ltr'><em>sumus</em></span> <span class='ocrx_word' id='word_1_179' title='bbox 919 2544 959 2600; x_wconf 88' lang='lat' dir='ltr'><em>ad</em></span> 
     </span>
     <span class='ocr_line' id='line_1_29' title="bbox 271 2624 958 2700; baseline -0.007 -17"><span class='ocrx_word' id='word_1_180' title='bbox 271 2627 437 2686; x_wconf 89' lang='lat' dir='ltr'><em>discendum</em></span> <span class='ocrx_word' id='word_1_181' title='bbox 448 2642 561 2700; x_wconf 86' lang='lat' dir='ltr'><em>pereas</em></span> <span class='ocrx_word' id='word_1_182' title='bbox 573 2624 622 2699; x_wconf 87' lang='lat' dir='ltr'><em>qui</em></span> <span class='ocrx_word' id='word_1_183' title='bbox 634 2625 778 2682; x_wconf 83' lang='lat' dir='ltr'><em>voluerint</em></span> <span class='ocrx_word' id='word_1_184' title='bbox 792 2641 843 2681; x_wconf 91' lang='lat' dir='ltr'><em>uos</em></span> <span class='ocrx_word' id='word_1_185' title='bbox 856 2625 958 2679; x_wconf 86' lang='lat' dir='ltr'><em>docere</em></span> 
     </span>
     <span class='ocr_line' id='line_1_30' title="bbox 268 2702 958 2785; baseline -0.013 -20"><span class='ocrx_word' id='word_1_186' title='bbox 268 2723 323 2785; x_wconf 79' lang='lat' dir='ltr'><em>per</em></span> <span class='ocrx_word' id='word_1_187' title='bbox 341 2704 686 2778; x_wconf 85' lang='lat' dir='ltr'><em>sanctam-Scripturam,</em></span> <span class='ocrx_word' id='word_1_188' title='bbox 709 2704 738 2759; x_wconf 91' lang='lat' dir='ltr'><em>iu</em></span> <span class='ocrx_word' id='word_1_189' title='bbox 757 2720 813 2776; x_wconf 84' lang='lat' dir='ltr'><em>qua</em></span> <span class='ocrx_word' id='word_1_190' title='bbox 831 2702 958 2776; x_wconf 85' lang='lat' dir='ltr'><em>quotidie</em></span> 
     </span>
     <span class='ocr_line' id='line_1_31' title="bbox 274 2781 953 2858; baseline -0.009 -16"><span class='ocrx_word' id='word_1_191' title='bbox 274 2784 438 2842; x_wconf 79' lang='lat' dir='ltr'><em>laboramus</em></span> <span class='ocrx_word' id='word_1_192' title='bbox 454 2793 487 2839; x_wconf 92' lang='lat' dir='ltr'><em>ut</em></span> <span class='ocrx_word' id='word_1_193' title='bbox 496 2783 642 2858; x_wconf 92' lang='lat' dir='ltr'><em>possimus</em></span> <span class='ocrx_word' id='word_1_194' title='bbox 655 2783 808 2856; x_wconf 88' lang='lat' dir='ltr'><em>proficere.</em></span> <span class='ocrx_word' id='word_1_195' title='bbox 824 2782 867 2836; x_wconf 91' lang='lat' dir='ltr'><em>Et</em></span> <span class='ocrx_word' id='word_1_196' title='bbox 881 2781 953 2842; x_wconf 85' lang='lat' dir='ltr'><em>ideo,</em></span> 
     </span>
     <span class='ocr_line' id='line_1_32' title="bbox 274 2859 955 2939; baseline -0.013 -17"><span class='ocrx_word' id='word_1_197' title='bbox 274 2864 399 2923; x_wconf 90' lang='lat' dir='ltr'><em>Domine</em></span> <span class='ocrx_word' id='word_1_198' title='bbox 413 2861 709 2939; x_wconf 75' lang='lat' dir='ltr'><em>Nuper-Prasidens</em></span> <span class='ocrx_word' id='word_1_199' title='bbox 728 2860 826 2916; x_wconf 89' lang='lat' dir='ltr'><em>dicunt</em></span> <span class='ocrx_word' id='word_1_200' title='bbox 836 2859 912 2934; x_wconf 85' lang='lat' dir='ltr'><em>qnod</em></span> <span class='ocrx_word' id='word_1_201' title='bbox 926 2869 955 2913; x_wconf 91' lang='lat' dir='ltr'><em>tu</em></span> 
     </span>
    </p>
   </div>
   <div class='ocr_carea' id='block_1_4' title="bbox 0 0 1354 3800">
    <p class='ocr_par' dir='ltr' id='par_1_5' title="bbox 0 0 1354 3800">
     <span class='ocr_line' id='line_1_33' title="bbox 0 0 1354 3800; baseline 0 1"><span class='ocrx_word' id='word_1_202' title='bbox 0 0 1354 3800; x_wconf 95' lang='lat' dir='ltr'><em> </em></span> 
     </span>
    </p>
   </div>
  </div>
 </body>
</html>
