2700 3800
567 521 603 557 ns
625 503 791 558 Pnssnvnss
985 500 1022 575 67

368 625 853 704 «-Ergo,»dixiego,‹Robertus
861 625 1024 701 Stephanus

328 724 387 763 non
400 716 444 764 est
456 706 630 775 combustus,
648 723 700 763 nec
709 706 907 764 mortuus?—
918 705 997 775 Non,
1010 724 1022 758 ι

330 787 414 842 dixit
425 786 482 856 itte,
502 785 585 842 «nisi
598 785 749 843 dicendum
763 786 801 842 sit
812 783 890 860 quod
902 783 1025 861 spiritus

330 866 482 922 reveniant
495 865 524 921 in
539 865 613 921 hunc
631 865 780 936 mundum,
798 865 875 921 sicut
892 863 1025 923 volebant

330 945 475 1004 simulare
491 944 653 1021 Cordigeri
668 945 706 1000 de
717 945 887 1016 Aureliano,
905 955 934 1001 et
949 944 1025 1000 inter

331 1035 452 1082 coeteros
463 1026 568 1100 frater
582 1026 691 1083 Petrus
702 1025 739 1081 de
751 1025 900 1096 Arthesio,
916 1034 945 1081 et
951 1025 1022 1098 sra-

333 1115 379 1161 ter
394 1105 589 1179 Colymanns,
607 1126 621 1157 ι
642 1121 713 1178 quos
732 1114 762 1160 tu
779 1103 953 1172 sustinuisti,
970 1104 1024 1159 do-

333 1185 412 1241 mine
437 1183 749 1260 Nuper-Praesidens‚
769 1194 894 1260 propter
920 1184 1025 1259 Magi-

333 1274 428 1321 strum
443 1274 575 1321 nostrum
589 1280 608 1319 a
625 1264 790 1322 Cornibus:
808 1264 877 1339 quia
894 1263 957 1320 sine
974 1263 1026 1319 hoc

328 1344 447 1419 sactum
475 1344 587 1419 suisset
620 1343 682 1400 iliis
714 1343 792 1399 sicut
821 1342 964 1400 Jacobitis
990 1343 1026 1398 de
1057 1390 1059 1393 ,

333 1426 455 1479 Benna:
477 1433 505 1478 et
524 1423 589 1480 ideo
603 1423 691 1479 etiam
705 1422 880 1499 praeiibatns
893 1422 1026 1480 dominus

333 1502 633 1561 acornibusnocatat
643 1513 671 1559 te
680 1504 800 1560 Patrem
808 1502 936 1572 Ordinis,
943 1504 1026 1578 cujus

335 1594 364 1640 tn
378 1599 549 1640 servaveras
561 1584 708 1652 honorem,
726 1584 821 1658 juxta
843 1584 933 1640 ittud:
955 1585 1025 1640 Non

332 1663 490 1720 absolvetis
515 1673 657 1721 nocentes.
683 1663 743 1721 Sed
766 1664 860 1721 videte
885 1664 1026 1740 quomodo

333 1761 391 1820 ego
400 1760 467 1799 sum
478 1753 687 1819 extravagans
698 1744 746 1801 Ah
755 1743 879 1815 domine,
892 1744 945 1799 hoc
950 1744 1026 1817 facit

333 1841 382 1879 me
393 1823 549 1896 recordari
560 1823 595 1879 de
606 1833 735 1898 tempore
748 1823 860 1899 quando
866 1823 1028 1899 faciebatis

332 1913 447 1962 vestros
463 1904 565 1974 saltus,
582 1913 611 1959 et
628 1903 768 1960 dicebatis
782 1904 845 1960 istis
859 1903 1024 1960 advocatis:

336 1982 413 2040 Veni
425 1982 465 2040 ad
471 1993 622 2059 punctum,
640 1993 668 2041 et
684 1984 779 2041 Curia
794 1983 863 2040 bene
876 1982 1024 2058 intelligit.

331 2063 395 2122 Sed
405 2063 466 2119 haec
474 2073 542 2120 sunt
547 2063 699 2139 proposita
709 2062 915 2120 melancholia.
925 2064 1028 2137 Itaque

332 2159 392 2219 ego
403 2142 489 2199 redeo
503 2143 618 2198 tandem
630 2143 669 2198 ad
681 2159 776 2199 meum
785 2143 985 2220 propositum:
998 2155 1027 2200 et

330 2223 407 2298 quia
419 2222 500 2279 video
514 2223 590 2297 qnod
604 2233 679 2281 esset
697 2223 817 2280 nimium
833 2224 938 2300 longus
953 2241 1026 2299 pro·

331 2319 434 2360 cessus
447 2303 483 2360 de
496 2319 653 2359 numerare
675 2304 773 2360 omnia
790 2321 848 2379 per
870 2304 1023 2374 minutum,

331 2488 393 2534 livre
414 2487 450 2545 25,
465 2489 530 2533 lettre
549 2500 583 2546 14,
605 2488 698 2546 naiton,
716 2502 744 2535 en
761 2490 825 2547 1531,
842 2489 1025 2555 (1·ἀκριτόμυθος,

330 2552 362 2595 de
375 2550 459 2594 second
469 2549 574 2595 Tbersite
583 2562 611 2595 en
628 2552 753 2598 bavardise.
765 2553 842 2610 Voyez
860 2553 893 2596 ies
905 2553 978 2596 Notes
987 2565 1027 2598 sur

332 2611 449 2669 Rabelais,
462 2613 477 2656 1.
494 2612 515 2659 3.
533 2612 567 2659 ch.
585 2625 620 2667 14.
637 2613 674 2657 Du
693 2615 945 2673 reste‚1et10yende
962 2626 1026 2671 par-

332 2674 414 2728 venir,
428 2674 463 2718 ch.
475 2674 511 2732 52,
525 2673 613 2719 intituli
630 2675 763 2733 STANCE,
775 2684 856 2722 tourne
871 2676 1028 2734 plaisamrnent

331 2748 381 2781 une
389 2736 470 2793 bonne,
479 2735 535 2780 mais
546 2749 577 2780 un
584 2751 627 2794 peu
637 2737 724 2782 tardive
734 2738 841 2782 reflexion
850 2739 878 2783 de
888 2745 922 2782 cet
929 2739 1025 2787 homme.

362 2799 393 2853 (2)
406 2797 525 2842 L’histoire
536 2799 564 2842 de
575 2801 597 2843 la
609 2798 747 2856 iriponnerie
762 2799 801 2844 des
818 2799 946 2845 Cordeliers
959 2801 1028 2848 d'Or·

332 2861 408 2916 linus,
418 2872 445 2904 en
456 2860 520 2917 1534,
530 2868 565 2905 est
576 2861 681 2906 triviale:
694 2869 715 2905 et
727 2863 780 2906 celle
788 2862 828 2905 des
834 2869 913 2918 quttre
922 2863 1027 2908 Jacobins

333 2923 413 2967 briilds
422 2924 436 2966 i
446 2922 517 2967 Berne
527 2937 555 2968 en
572 2924 636 2980 1509,
656 2936 684 2966 ne
700 2925 749 2967 rest
765 2937 806 2981 pas
824 2923 907 2980 moins,
916 2932 984 2982 ayant
993 2929 1028 2970 ete

333 2984 454 3042 imprimes
463 2985 545 3042 iu-4to,
556 2986 577 3030 la
587 2987 659 3031 meme
676 2988 747 3030 annes
760 2987 825 3044 1509,
836 2999 864 3030 en
872 2987 993 3034 Allemand
1005 2996 1028 3032 ct

334 3059 365 3091 en
379 3047 453 3092 Latin.
