2700 3800
570 528 606 565 on
627 511 793 567 Pnsssvsus
974 533 1025 587 ¹07

333 632 425 703 dalis,
443 632 475 688 id
486 643 530 690 est
543 635 633 691 stulta
646 646 674 692 et
687 636 814 712 stupida,
832 647 861 693 et
874 655 939 713 quae
958 639 1027 693 bene

330 711 411 787 sapit
433 728 519 769 suum
534 714 666 793 rabulam
692 716 827 791 Palatii:
843 734 911 773 nam
928 728 958 773 tu
972 736 1026 773 ex-

328 792 416 866 ponis
432 791 488 849 ista
505 794 604 865 uerba,
626 796 673 851 Ad
691 794 780 852 fidem
803 798 1027 871 assequendam

326 871 453 947 perinde
469 890 504 930 ac
519 874 547 931 si
560 874 620 931 hac
639 892 695 931 non
713 876 894 951 pertinerent
907 877 946 933 ad
960 878 1026 933 doc-

331 950 443 1007 trinam
466 952 572 1009 salutis
593 963 621 1010 et
646 972 770 1026 morum,
794 955 846 1012 sed
861 966 972 1012 tantum
988 956 1027 1011 ad

331 1028 546 1089 intimationem
561 1034 749 1104 narrationis,
767 1045 795 1090 et
808 1034 848 1090 ad
853 1036 1025 1110 faciendum

329 1110 452 1167 credere
466 1132 475 1168 .·
490 1112 567 1186 quod
578 1112 702 1174 historia
718 1114 831 1169 Christi
843 1123 886 1171 est
895 1132 972 1171 vera.
986 1116 1029 1170 Et

330 1187 375 1244 ita
387 1191 588 1267 Euangelium
603 1209 657 1248 non
676 1201 752 1249 esset
766 1193 823 1249 nisi
838 1210 895 1248 una
909 1210 1026 1269 compu-

330 1268 405 1325 tatio
423 1269 571 1341 historica,
588 1271 662 1327 sicut
687 1272 823 1328 chronica
846 1272 910 1329 Titi
923 1272 1026 1330 Livii:

329 1364 367 1404 ea
379 1358 479 1405 autem
502 1367 568 1425 qua
585 1350 735 1426 pertinent
753 1351 792 1406 ad
811 1368 916 1421 mores,
934 1359 1028 1407 essent

329 1428 431 1485 omnia
450 1429 479 1486 in
502 1430 610 1486 scrinio
626 1440 656 1486 et
673 1430 769 1506 capite
787 1432 887 1507 Papa,
905 1440 934 1486 et
946 1448 1027 1488 asse-

328 1509 444 1565 clarum
459 1510 532 1584 ejus,
550 1519 582 1565 ut
594 1510 755 1567 seruaverit
769 1511 867 1567 omnia
881 1510 920 1566 ad
930 1510 1027 1587 placi-

330 1598 393 1644 tum
409 1608 418 1643 .·
434 1598 463 1644 et
486 1590 600 1664 quando
625 1589 734 1663 aliquis
757 1589 908 1658 clamaret,
924 1590 1026 1646 statim

328 1668 460 1723 dicerent
477 1686 540 1725 esse
561 1669 748 1725 traditionem
775 1668 983 1745 Apostolicam,
998 1678 1028 1725 et

326 1743 432 1822 postea
443 1757 722 1822 argumentaremur
736 1765 754 1803 a
761 1748 918 1823 fasciculis
938 1766 1026 1823 usque

327 1827 593 1884 adcouclusionem.
605 1830 646 1884 Et
655 1828 696 1882 ita
709 1837 800 1883 totum
813 1827 882 1883 bene
892 1826 1022 1883 vaderet.

328 1908 391 1964 Sed
416 1908 520 1979 etiam,
557 1918 591 1963 ut
617 1918 714 1982 crepet
742 1908 875 1964 dominus
902 1909 1025 1983 Nuper-

326 1988 506 2058 Praesidens,
520 1997 551 2044 et
565 1998 624 2043 tota
640 1987 735 2046 Curia
747 1990 770 2042 A
771 1987 926 2063 postatica,
943 1987 1027 2043 cadet

327 2067 416 2124 citius
431 2067 631 2144 ignisdecoelo
640 2084 729 2143 super
739 2083 794 2134 eos,
803 2076 832 2121 et
845 2083 933 2142 super
943 2067 1026 2142 lupa-

328 2147 417 2202 naria
429 2147 567 2224 imorum,
576 2163 662 2222 quam
676 2148 818 2203 Deusnon
826 2146 932 2220 puniat
939 2145 1026 2202 istam

327 2227 465 2291 soetidam
493 2237 522 2282 et
554 2226 720 2283 haereticam
747 2225 878 2302 glossam
904 2226 1025 2300 Nuper·

327 2306 545 2364 Prasidentis:
567 2307 628 2364 uiso
643 2304 718 2380 quod
737 2305 859 2380 ipsemet
889 2305 1025 2378 Chryso-

327 2395 441 2444 stomus
467 2387 496 2442 in
516 2386 576 2441 alio
601 2387 661 2442 loco
675 2403 759 2460 quem
774 2385 898 2460 allegas,
916 2384 1027 2440 clamat

328 2467 407 2542 quod
427 2467 558 2540 nonfuit
578 2483 658 2522 curae
678 2464 828 2541 Apostolis
846 2463 1026 2520 conscribere

328 2546 477 2615 historias,
495 2545 570 2601 sicut
584 2545 664 2620 facit
677 2544 818 2621 Legenda
832 2561 932 2612 aurea,
950 2543 1026 2599 alias

322 2627 441 2702 ferrea,
459 2625 535 2683 sicut
549 2625 754 2681 benedixerat
768 2640 841 2680 unus
855 2624 891 2679 de
905 2623 1026 2699 Magis-

330 2707 388 2764 tris
401 2705 519 2777 nostris,
537 2705 594 2761 nisi
610 2714 714 2781 postea
730 2705 837 2780 ipsese
851 2703 1022 2758 dedixisset.

356 2920 387 2974 (ι)
403 2917 506 2964 L'onerie
515 2924 537 2962 et
549 2919 570 2963 la
583 2917 690 2975 stupidite
701 2915 741 2960 des
751 2915 828 2959 Abbes
843 2914 871 2958 de
883 2927 908 2958 ce
919 2916 1026 2970 temps-ll

329 2982 414 3028 etaient
433 2981 535 3025 tombees
552 2993 579 3024 en
600 2980 717 3036 proverbe.
738 2979 772 3022 De
791 2978 813 3021 ln
832 2977 887 3021 dans
912 2977 1027 3034 Rabelais,

329 3045 345 3089 1.
359 3057 380 3089 2.
391 3043 426 3087 ch.
441 3055 472 3099 7.,
484 3043 505 3086 le
516 3042 555 3087 liv.
566 3042 668 3086 intituli:
683 3041 705 3084 le
721 3039 880 3095 Vtetdazouer
887 3039 929 3084 des
941 3039 1031 3094 Abbez.
