2700 3800
491 509 529 547 ns
548 492 714 548 Passnvnnr
900 494 950 567 ¹37

276 615 414 707 pinetoad
428 624 511 672 tuum
521 632 625 672 nasum
634 613 840 680 Cherubinum.
856 616 884 673 si
896 617 950 674 ad-

234 841 239 850 Ι
276 693 435 849 &gemm
448 773 595 830 nuncabia
609 783 660 830 tua
671 774 756 838 ratio,
771 791 828 849 qua
839 784 869 830 tu
879 774 953 832 dicis

271 855 335 926 quod
343 853 419 910 iilud
432 871 489 910 non
493 853 623 928 pertinet
632 853 673 910 ad
680 853 774 928 legem
779 854 891 930 gratia
903 875 911 909 :
925 865 952 910 et

269 942 292 988 tu
305 932 392 990 addis
410 950 551 1001 causam,
581 932 650 1007 quia
661 931 739 1008 fidei
758 934 827 990 Lex
841 932 869 988 in
876 934 953 1009 fide

267 1012 332 1068 lium
343 1012 485 1070 cordibus
497 1011 609 1086 scripta
622 1021 673 1076 est,
695 1021 723 1068 et
740 1012 896 1086 Scriptura
910 1022 953 1069 est

212 1103 214 1108 ·
264 1091 366 1152 donum
391 1090 595 1150 adventitium.
618 1090 677 1147 Isti
699 1091 795 1166 igitur
821 1099 953 1166 quarunt

262 1171 309 1240 sic,
322 1169 455 1226 Domine
467 1169 755 1243 Nuper-Prasidens
771 1189 780 1224 :
794 1172 890 1240 Quam
910 1170 952 1228 be-

261 1267 327 1326 gem
342 1248 448 1306 babuit
459 1247 620 1314 Abrabam,
637 1259 666 1304 et
681 1266 779 1306 omnes
793 1267 859 1305 eum
871 1267 952 1325 prce-

260 1328 401 1398 cedentes,
418 1328 488 1384 item
506 1326 707 1402 subsequentes
722 1345 811 1402 usque
829 1329 869 1384 ad
884 1331 952 1385 Mo·

259 1409 334 1464 sen?
345 1408 435 1477 Item
449 1405 477 1462 si
486 1406 587 1463 Moses
599 1416 628 1462 et
635 1407 699 1481 ejus
704 1407 819 1481 posteri
831 1424 885 1463 non
900 1408 952 1463 ba-

260 1487 389 1544 buissent
407 1485 465 1544 nisi
477 1486 591 1560 Legem
600 1486 741 1560 scriptam
754 1486 782 1542 in
795 1486 949 1562 lapidibus.

258 1565 330 1641 quid
348 1565 412 1622 iliis
433 1564 634 1639 projecisset?
658 1582 761 1639 nempe
780 1565 855 1621 idem
878 1567 953 1640 quod

259 1646 314 1702 tibi
322 1644 448 1720 prodest
455 1644 562 1702 babere
574 1643 705 1702 Bibliam
722 1645 751 1700 in
765 1654 815 1701 tua
824 1662 950 1712 camera,

257 1735 287 1782 et
301 1726 407 1801 begere
421 1741 488 1798 quae
501 1733 532 1780 tu
553 1741 608 1780 non
616 1724 708 1798 sacis.
722 1724 783 1781 Sed
802 1734 832 1781 tu
854 1742 885 1782 es
897 1742 953 1784 tina

259 1803 442 1862 miserabilis
465 1803 566 1866 bestia,
586 1820 652 1878 quae
674 1820 729 1860 non
754 1804 812 1861 scis
825 1804 896 1879 quid
914 1805 954 1860 sit

258 1885 498 1959 Lexsactorum,
514 1899 567 1939 nec
578 1883 647 1940 Lex
659 1883 755 1959 fidei:
769 1883 890 1957 denique
903 1885 954 1958 qui

259 1963 333 2021 nibil
345 1962 414 2032 scis,
428 1973 456 2019 et
470 1962 535 2020 ideo
541 1971 667 2036 prestat
682 1972 709 2018 te
719 1963 868 2019 dimittere
878 1964 954 2020 sicut

259 2054 348 2113 tues,
364 2059 454 2118 quam
465 2041 524 2099 sibi
537 2059 673 2115 rumpere
687 2052 773 2116 caput
784 2052 887 2102 tecum.
907 2045 952 2100 Tu

258 2122 395 2197 disputas
418 2120 455 2177 de
473 2120 590 2196 Spiritu
612 2130 720 2188 sancto,
746 2122 797 2196 qui
810 2121 896 2179 datus
911 2132 954 2181 est

258 2199 421 2277 Apostolis,
437 2209 466 2255 et
481 2199 544 2275 ipse
555 2209 583 2255 te
594 2198 775 2265 condemnas,
790 2200 904 2275 quando
922 2211 952 2257 tu

258 2280 379 2353 allegas
397 2277 473 2335 iilud
486 2296 528 2335 ex
543 2279 666 2335 loannis
684 2292 745 2349 ιφ,
762 2279 814 2337 Ille
828 2297 880 2336 vos
898 2281 953 2337 do·

259 2357 341 2417 sebit
354 2356 467 2415 omnia.
483 2357 564 2413 Nam
587 2358 615 2413 si
634 2358 732 2415 docuit
748 2358 847 2415 omnia
858 2360 953 2434 Apos-

259 2436 344 2507 tolos,
360 2454 418 2493 non
432 2435 594 2493 reservarit
605 2437 758 2511 quicquam
774 2438 952 2512 Papis.Non

259 2532 407 2593 negamus
425 2524 521 2571 tamen
537 2532 603 2573 cum
617 2516 818 2585 hecdicium,
832 2517 908 2572 sicut
922 2527 952 2573 tu

255 2604 357 2670 putas,
384 2593 453 2668 quin
481 2593 613 2670 Spiritus
630 2595 797 2670 prudentia
815 2595 855 2651 sit
868 2595 953 2653 datus

258 2673 408 2733 Ecclesia
417 2690 482 2730 sua
491 2674 531 2731 ad
543 2674 749 2750 applicandum
757 2676 847 2748 facta
858 2676 952 2748 parti·

258 2753 377 2811 cubaria
397 2752 439 2809 ad
462 2753 626 2811 doctrinam
654 2754 864 2819 universalem,
889 2772 954 2828 qua

258 2842 303 2889 est
321 2830 442 2906 scripta,
464 2843 492 2889 et
507 2832 547 2888 ad
566 2832 759 2889 ordinandum
787 2842 815 2889 et
837 2833 953 2908 dispen-

257 2910 386 2969 sandum
413 2928 448 2967 ea
474 2929 539 2986 qua
561 2922 629 2969 sunt
650 2912 781 2987 subjecta
800 2914 954 2970 mutationi

259 3000 435 3064 temporum,
446 3000 476 3049 et
483 3008 686 3067 personarum,
701 3001 730 3046 et
741 2991 869 3049 iocorum
881 3012 890 3048 .·
902 2995 954 3050 sed
1042 3041 1052 3062 .,

811 3116 845 3148 12.
