2700 3800
573 503 609 540 me
630 486 796 541 Passrvnur
991 486 1024 541 61

321 609 473 686 funderet
485 624 592 665 omnes.
605 609 747 684 Denique,
761 625 817 685 ego
824 610 897 684 sere
904 610 959 684 sui
972 609 1030 665 hae·

329 689 441 745 relicus
464 688 579 763 quando
603 689 696 746 exivi.
718 689 778 746 Sed
806 698 902 745 tamen
937 698 1028 746 totum

329 768 415 827 uadit
431 768 500 823 bene
514 785 605 842 usque
619 786 704 825 nune.

367 850 411 904 Et
428 864 477 904 ros
496 847 622 918 nescitis,
644 865 700 923 ego
718 848 778 903 uidi
796 848 879 903 illum
904 848 1028 904 maledi·
1122 913 1125 919 ,

330 938 412 984 ctum
432 926 603 983 ltaeretieum
621 926 792 998 Robertum,
815 928 866 1001 qui
879 927 961 985 nobis
985 938 1029 985 est

284 1011 287 1018 ⁴
332 1018 396 1063 tam
418 1006 488 1062 bene
509 1006 633 1081 elapsus.
658 1007 720 1064 Per
741 1006 819 1063 diem
845 1007 932 1080 (sicut
958 1009 1029 1064 dicit

331 1085 444 1160 Dauid)
468 1103 518 1143 uos
544 1085 613 1142 bene
634 1085 792 1143 dicebatis:
816 1088 925 1144 Cavete
948 1087 1025 1158 bene,

332 1167 398 1242 ipse
419 1164 522 1222 evadet
548 1164 644 1221 vobis.-
673 1175 702 1221 et
726 1165 880 1241 defunctus
901 1167 1028 1223 loannes

331 1244 478 1314 Andreas,
492 1244 544 1319 qui
558 1244 697 1319 sperabat
711 1245 857 1302 maritare
860 1245 947 1322 filias
960 1262 1028 1303 suas

332 1323 370 1381 de
390 1323 470 1382 bonis
487 1324 588 1399 nisius,
610 1334 642 1379 ut
663 1335 728 1380 erat
747 1325 943 1399 {elotissimus
952 1326 1029 1401 fidei

331 1404 493 1474 catholicae,
525 1402 595 1459 bene
622 1403 712 1459 etiam
739 1403 885 1462 clamabat
913 1422 1027 1480 semper

331 1482 410 1558 quod
417 1483 556 1557 sugeret.
572 1480 633 1540 Sed
645 1482 725 1539 oculi
742 1488 834 1540 nostri
847 1483 1024 1554 tenebantur,

283 1599 286 1606 -
333 1572 363 1619 et
377 1561 433 1618 alii
446 1571 633 1619 vastaverunt
647 1572 749 1632 toturn,
766 1562 816 1635 qui
827 1563 979 1638 faciebant
993 1564 1030 1620 de

331 1641 458 1697 nimium
472 1640 658 1716 sapientibus.
674 1644 719 1699 Et
731 1641 802 1715 quia
817 1659 874 1719 ego
889 1661 943 1699 non
962 1660 1027 1700 sum

332 1739 400 1777 eum
422 1720 598 1794 alloquutus,
624 1721 692 1796 quia
708 1722 860 1796 faciebam
883 1723 1028 1779 conscien-
1057 1788 1059 1790 ¹

332 1802 415 1871 tiam,
433 1818 489 1875 ego
504 1800 611 1877 rogavi
629 1801 665 1856 de
686 1818 742 1856 uno
756 1802 897 1875 quomodo
910 1803 1029 1877 saeeret

332 1881 387 1938 hic.
414 1882 459 1939 Et
483 1880 545 1956 ipse
569 1879 643 1937 milti
665 1879 761 1952 dixit,
782 1880 860 1957 quod
883 1899 1026 1956 nunquam

324 1961 427 2038 suerit
439 1960 538 2037 magis
553 1959 648 2031 iaetus,
668 1971 697 2016 et
715 1960 792 2036 quod
800 1963 921 2036 faceret
938 1963 1029 2019 mira-

332 2041 406 2097 bilia
424 2040 461 2095 de
481 2039 696 2115 imprimendo:
721 2040 763 2095 ita
783 2039 860 2115 quod
882 2059 1026 2116 nunquam

325 2120 392 2195 suit
416 2135 490 2174 unus
520 2118 571 2192 qui
598 2117 715 2175 dederit
743 2128 784 2175 tot
806 2137 909 2194 poenas
937 2121 1028 2177 matri

332 2332 437 2387 Reponse
447 2331 473 2373 de
486 2330 570 2373 Robert
587 2329 693 2373 Estiennc
705 2344 750 2374 aux
762 2331 879 2375 Censures
888 2332 918 2375 de
931 2332 955 2375 la
965 2332 1025 2376 Sor-

332 2395 417 2447 bonue,
434 2391 519 2436 disait:
536 2392 585 2435 Per
602 2391 666 2435 diem
683 2404 726 2449 ego
746 2393 860 2437 habebam
879 2396 937 2450 plus
954 2406 1026 2450 quam

331 2454 511 2512 quinquaginta
524 2464 608 2508 annos,
619 2453 683 2509 quod
693 2455 825 2498 nesciebam
835 2456 896 2512 quid
907 2461 967 2499 esset
974 2457 1026 2501 No-

331 2531 384 2562 uum
407 2517 590 2560 Testamentum.
610 2515 715 2559 D'autres
732 2517 830 2571 juraient
846 2530 892 2574 per
907 2519 960 2562 dies
979 2521 1026 2571 (par

331 2580 373 2633 dis)
387 2589 476 2621 comme
485 2589 510 2618 ce
523 2579 608 2632 Regem
624 2577 662 2632 qui
681 2578 733 2631 ioue
749 2592 780 2623 un
797 2577 816 2621 si
838 2580 892 2622 beau
912 2580 959 2623 rble
970 2580 1026 2623 dans

331 2644 363 2684 les
375 2641 464 2685 Contes
473 2639 500 2681 de
510 2637 666 2682 Bonavemure
678 2640 718 2682 des
732 2640 828 2696 periers,
841 2654 869 2684 au
887 2641 970 2685 feuillet
985 2642 1026 2696 176

331 2705 357 2747 de
365 2699 465 2746 l'edition
475 2700 503 2744 de
514 2699 578 2744 1565.
590 2700 694 2745 D'autres
704 2703 771 2758 enfin,
779 2703 829 2758 plus
837 2702 979 2759 determines,
990 2704 1024 2759 ju-

330 2765 403 2810 raient
412 2775 459 2820 per
470 2763 536 2806 diem
547 2763 661 2807 Sanctam
670 2765 720 2820 (par
730 2765 750 2807 le
763 2763 850 2819 Sardi),
863 2763 947 2810 temoin
956 2767 977 2809 le
991 2766 1025 2809 ia-

330 2841 400 2873 meux
410 2825 531 2870 Ortuinus
545 2825 647 2870 Gratius
656 2825 705 2882 qui,
712 2826 797 2888 dans'le
805 2825 1026 2885 Dialogueimprime

329 2891 374 2935 ila
386 2888 446 2934 suite
458 2887 489 2932 du
501 2888 599 2944 premier
608 2888 698 2931 volume
711 2889 750 2931 des
760 2889 851 2944 Epitres
865 2888 1025 2946 obscurorum

334 2951 456 3004 Virorum,
476 2950 526 3004 iure
538 2949 565 2993 de
577 2950 598 2993 la
617 2956 678 2992 sorte
694 2963 736 3005 par
747 2948 865 3005 imitation,
878 2950 975 3008 quoique
985 2953 1025 2995 bas

329 3012 460 3061 Allemend.

944 3111 957 3155 6
