2700 3800
561 385 599 424 or
619 368 783 426 Pnssnvnur
966 387 1017 443 ¹47

346 486 418 559 dieta,
436 490 465 544 in
482 488 585 561 cereis,
604 499 633 545 et
650 489 787 563 candelis,
808 491 836 547 in
858 490 964 560 missis,
988 491 1017 546 in

342 568 473 640 perdonis,
502 578 531 624 et
555 568 743 643 citimagreis,
767 585 838 644 quas
865 587 948 626 nemo
974 578 1018 627 est

341 648 446 721 quinon
467 647 564 723 possit
579 649 687 722 facere
702 665 758 723 pro
774 649 897 723 pecunia
917 649 1016 723 :quod

340 736 426 782 tamen
452 743 596 801 nunquam
611 727 748 802 poteritis
765 730 872 803 jacere
898 728 1018 784 creden

337 805 512 876 uninomini,
538 806 596 861 nisi
617 806 751 861 amiserit
778 824 862 864 suum
889 824 1014 865 sensnm.

271 933 273 964 ,
305 897 308 902 ·
335 885 373 941 Et
398 884 464 939 ideo
497 884 584 939 etiam
615 894 721 941 uestra
748 886 927 942 conscientia
951 895 1017 943 sunt

332 980 446 1038 semper
457 962 485 1018 in
496 962 591 1030 dubio,
604 972 633 1017 et
643 962 707 1019 ideo
716 964 786 1020 estis
794 964 905 1021 similes
907 963 1018 1039 fluctui

332 1042 434 1110 maris,
453 1050 481 1096 et
498 1041 572 1097 sicut
589 1040 661 1097 dicit
679 1040 777 1099 beatus
796 1043 922 1099 Jacobus
940 1062 950 1098 .·
970 1044 1016 1099 Ne

330 1119 438 1194 putetis
451 1118 562 1192 aliquid
576 1119 704 1193 recipere
719 1138 735 1177 a
749 1123 821 1179 Deo.
837 1122 902 1178 Nos
918 1132 1015 1177 autem

330 1195 460 1274 capimus
484 1207 514 1254 et
538 1198 675 1255 habemus
698 1199 814 1274 pacem,
844 1200 920 1256 sicut
945 1199 1017 1256 dicit

329 1277 449 1347 Paulus,
461 1276 530 1351 quia
540 1293 639 1333 sumus
644 1278 801 1354 justificati
810 1296 864 1335 non
880 1280 908 1334 in
923 1278 1013 1346 nobis,

329 1355 379 1413 sed
392 1355 422 1412 in
441 1372 475 1412 eo
493 1356 544 1429 qui
560 1356 748 1430 rejudicabit,
765 1358 881 1414 etiamsi
894 1367 924 1413 tu
938 1373 1015 1413 sem·

325 1451 380 1510 per
386 1433 504 1510 fuisses
521 1433 695 1504 Prasidens,
713 1435 789 1509 quod
808 1453 862 1491 non
883 1435 1014 1493 concedo.

362 1513 421 1569 Dic
436 1512 541 1589 igitur,
555 1512 683 1569 Domine
701 1513 910 1584 Nunc-Abbas,
936 1514 963 1571 si
984 1523 1015 1569 tu

328 1590 414 1649 nabes
430 1608 520 1647 unam
534 1592 746 1661 conscientiam,
767 1593 878 1667 quando
892 1603 922 1648 tu
938 1593 1015 1667 legis

328 1671 384 1728 ista
397 1669 487 1728 uerba
499 1670 705 1743 Chrysostomi
715 1688 778 1745 qua
792 1681 822 1727 tu
833 1672 953 1727 adducis
961 1688 1015 1746 pro

329 1760 356 1806 te
370 1771 380 1805 .·
397 1750 572 1808 Judaeorum
588 1750 741 1824 synagoga
760 1767 797 1806 ne
816 1750 1015 1824 principatum

327 1829 463 1903 perderet
477 1826 580 1899 vetita,
594 1829 738 1902 populum
753 1828 840 1886 variis
857 1829 941 1885 novis
956 1841 1015 1884 tra·

327 1907 492 1965 ditionibus
507 1906 647 1977 oneravit,
661 1925 723 1964 non
733 1920 766 1964 ut
781 1909 877 1983 ipsum
888 1909 919 1965 in
929 1907 1015 1982 justi-

328 1987 375 2044 tiae
389 1985 509 2043 semitas
524 1987 691 2059 deduceret,
707 1988 758 2042 sed
768 1987 866 2059 potius
880 2000 913 2043 ut
927 1987 951 2043 is
963 1987 1014 2042 du·

328 2065 398 2122 riori
411 2082 506 2122 onere
519 2082 645 2138 pressus,
659 2065 773 2122 facilius
787 2067 818 2123 in
829 2065 1015 2123 sacerdotalis

328 2145 477 2202 servitutis
497 2142 568 2218 jugo
588 2144 734 2200 contineri
755 2158 851 2219 posset
872 2164 879 2202 ε
901 2144 1014 2220 quando

328 2225 468 2300 (inquam)
476 2233 506 2278 tu
518 2222 592 2299 legis
600 2224 664 2293 ista,
675 2242 766 2280 nonne
778 2225 846 2280 bene
855 2225 934 2305 uides
944 2241 1014 2298 pro-

328 2320 437 2361 cessum
453 2312 534 2358 tuum
549 2311 577 2357 et
590 2312 736 2359 arrestum
748 2314 848 2360 contra
867 2314 936 2359 teet
951 2314 1014 2360 tuos

329 2382 482 2439 assectas?
506 2381 590 2437 Visus
604 2381 761 2457 discoperit
776 2384 904 2457 sactum.
920 2384 1011 2451 Nam,

329 2462 389 2518 Deo
402 2460 516 2537 gratia,
529 2477 612 2515 nemo
625 2461 737 2518 exiliis
750 2480 819 2536 quos
830 2479 914 2518 vocas
926 2461 1014 2517 heere·

330 2540 402 2596 ticos
408 2537 507 2594 traxit
520 2536 559 2591 ad
567 2555 600 2594 se
613 2538 773 2613 quicquam,
788 2539 839 2596 sed
847 2541 970 2596 uiuimus
985 2540 1014 2594 in

332 2618 441 2692 majore
454 2615 611 2673 sobrietate
629 2627 658 2671 et
670 2627 852 2693 paupertate,
867 2635 953 2690 quam
969 2617 1015 2672 itti

332 2694 384 2769 ipsi
390 2696 441 2771 qui
447 2695 726 2753 mentiunturuotum
728 2696 960 2772 paupertatiseet
969 2714 1015 2752 re-

333 2773 484 2850 linquimus
506 2774 627 2844 Caesari,
645 2793 711 2849 qua
723 2785 789 2830 sunt
809 2775 947 2844 CaesariS,
963 2792 1015 2831 nec

329 2853 454 2925 facimus
468 2852 558 2909 ullam
573 2854 661 2912 etiam
674 2854 823 2910 minimam
838 2854 932 2930 legem
946 2871 1013 2909 con-
