2700 3800
494 508 530 546 ns
550 491 715 546 Passum
901 507 952 562 ¹09

211 609 213 642 ³
275 612 376 669 Deinde
390 612 448 688 ipsi
460 612 597 668 dicuntia
606 611 707 688 primo
722 610 793 680 loco,
809 610 885 684 quod
899 609 955 666 iste

271 691 432 767 Dionysius,
454 708 538 766 quem
568 702 598 746 tu
625 690 747 747 adducis
766 689 820 746 sub
841 690 955 745 nomine

268 769 457 847 Areopagitae,
481 779 525 827 est
547 785 619 826 riuus
644 768 750 824 author
761 768 898 842 fictitius,
918 768 954 823 de

266 867 313 925 quo
326 850 480 907 remittunt
495 859 523 905 te
535 848 574 904 ad
586 865 620 903 ea
631 848 741 923 quade
754 847 818 905 istis
826 848 954 923 amplius

263 940 322 986 tum
346 929 429 985 dicta
455 937 487 984 et
514 929 623 1002 optime
643 927 775 1001 probata
801 928 844 983 Et
864 928 952 983 etiam

262 1009 294 1064 de
305 1008 422 1086 Ignatii
436 1007 575 1082 epistolis,
590 1006 690 1062 dicunt
704 1007 821 1081 quod'
794 1024 818 1063 st
834 1006 952 1081 scripsit

262 1087 325 1144 illas
343 1086 493 1163 epistolas,
522 1085 641 1176 scripsit
662 1085 789 1141 Graece:
813 1095 951 1141 ettamen

217 1165 222 1172 ’
260 1166 353 1225 nullus
376 1167 551 1222 Groecorum
573 1164 759 1254 autiquorum
772 1165 853 1237 facit
871 1183 952 1220 meu-

260 1246 364 1302 tiouem
382 1245 421 1300 de
439 1242 525 1299 illis:
542 1252 571 1298 et
590 1243 632 1298 ita
645 1251 691 1299 est
707 1243 859 1316 probabile
876 1243 952 1317 quod

259 1323 411 1398 siatfictoe.
428 1322 489 1378 Sed
501 1321 661 1395 quicunque
667 1321 741 1395 suit,
758 1321 871 1394 quando
883 1323 952 1378 dicit

259 1402 331 1478 quod
345 1400 596 1477 Quadragesima,
613 1409 644 1456 et
656 1399 718 1455 alia
725 1401 843 1474 jejunia
856 1412 951 1457 certa-

260 1499 323 1537 rum
335 1480 454 1538 dierum
467 1488 534 1535 sunt
549 1478 720 1535 traditiones
733 1479 947 1553 Apostolorum,
982 1474 988 1486 '

257 1569 351 1635 posset
365 1557 497 1615 dubitari
511 1575 548 1614 an
562 1556 641 1613 dicat
653 1574 753 1613 uerum
769 1558 861 1632 :quia
874 1560 951 1615 ratio

256 1655 309 1713 pro
334 1637 584 1712 Quadragesima‚
606 1653 694 1711 quam
715 1638 813 1714 affert,
840 1638 951 1694 scilicet

260 1717 325 1792 quia
350 1715 478 1774 continet
506 1715 698 1771 imitationem
726 1717 950 1775 conuersationis

260 1797 324 1866 Dei,
352 1805 397 1853 est
416 1794 501 1852 ualde
519 1794 610 1850 stulta
633 1803 661 1848 et
685 1794 800 1850 stolida.
826 1797 903 1865 Quia
923 1797 951 1853 si

260 1875 396 1934 vellemus
425 1873 538 1930 imitari
558 1873 709 1930 Christum
724 1873 776 1930 hoc
790 1874 883 1945 modo,
894 1875 949 1948 sa-

261 1952 591 2012 ceremttssiculsimiae:
603 1953 736 2021 clettam,
746 1971 856 2023 reuera,
870 1972 949 2030 opor·

262 2043 331 2090 teret
349 2034 459 2109 facere
476 2049 564 2087 unum
593 2032 739 2102 mundum,
768 2042 795 2087 et
815 2033 951 2110 crucifigi

262 2113 423 2188 sicutipse,
447 2121 477 2167 et
494 2111 602 2185 facere
622 2110 721 2167 uinum
739 2111 776 2166 de
797 2129 895 2186 aqua:
920 2114 949 2168 in

264 2321 353 2367 Cutem
364 2320 525 2367 &sunt-Meri
535 2332 563 2364 en
581 2320 644 2377 1543,
657 2321 673 2364 il
689 2320 720 2366 lui
730 2322 814 2379 arrivs,
824 2323 912 2379 parlant
922 2324 950 2368 de

264 2382 406 2443 atlante,
417 2382 445 2427 de
453 2382 502 2427 dire
509 2395 552 2438 que
560 2395 585 2426 ce
592 2382 648 2426 livre
657 2383 731 2426 aurait
738 2386 771 2427 etl
778 2384 853 2429 mieux
861 2388 950 2430 nomme

265 2445 362 2503 [legende
376 2445 406 2491 de
416 2444 470 2501 ser,
488 2456 532 2500 que
544 2445 648 2501 Legende
664 2445 749 2488 Dorle.
762 2447 877 2502 Quelques
888 2447 948 2491 Doc-

263 2513 319 2552 turs
328 2506 413 2564 bigoto,
428 2505 525 2562 choquts
538 2505 567 2550 de
582 2507 732 2562 conclamate,
745 2507 810 2551 firent
821 2509 949 2553 entondrel

265 2567 381 2626 ‹l'Espenoe
394 2567 448 2624 qu'il
461 2566 535 2611 devait
549 2568 570 2611 la
582 2569 690 2611 retracter
702 2569 890 2613 solennollemeut.
902 2570 950 2615 1110

265 2628 314 2673 fule
322 2642 351 2674 22
362 2628 441 2674 tuittet
450 2627 540 2673 suivant
551 2630 564 2673 l
574 2628 708 2674 Stant-Miri
721 2631 800 2686 meme,
813 2631 949 2678 volontaire·

265 2698 327 2747 ment,
338 2690 414 2735 disent
429 2702 466 2733 ses
479 2688 551 2734 amis:
564 2688 622 2733 mais
638 2692 692 2745 quoi
702 2691 754 2746 qu'il
767 2704 794 2735 en
802 2691 854 2745 soit,
868 2706 896 2737 on
908 2695 948 2738 l'o·

266 2750 331 2810 llige·
339 2753 368 2798 de
376 2764 403 2797 se
413 2750 489 2796 dedite
499 2750 527 2795 de
538 2764 643 2796 nouveau
654 2753 706 2810 plus
715 2755 883 2809 expresslment
892 2755 949 2800 dans

266 2813 364 2858 ltmeme
375 2813 447 2871 eglise
456 2814 476 2857 le
494 2813 522 2856 28
539 2812 568 2857 du
581 2818 652 2856 meme
666 2813 731 2858 mois.
744 2814 841 2869 sladen,
855 2830 894 2861 sur
906 2819 948 2861 l'an

270 2873 327 2929 154³.
337 2875 403 2933 Beze,
413 2882 469 2919 tom.
486 2887 504 2919 t.
516 2887 561 2931 pag
581 2874 609 2919 32
625 2882 647 2918 et
662 2874 691 2919 33
706 2875 789 2920 deson
806 2878 868 2922 Hist.
882 2880 948 2924 Eccl.

269 2934 378 2995 De'l'hou,
387 2938 403 2982 1.
425 2936 458 2981 16.
471 2949 511 2981 sut
529 2938 573 2981 l'an
594 2936 693 2991 1555,et
712 2938 807 2993 Leunoi,
825 2953 876 2997 pag.
896 2955 948 2997 704,

269 3008 305 3050 712
313 3006 335 3045 et
343 2998 387 3057 713
399 2998 427 3043 de
438 3011 481 3044 son
497 2999 559 3044 Hist.
572 2998 604 3042 du
616 2999 713 3056 Collige
724 3000 754 3043 de
764 3000 880 3046 Navarra.

843 3111 869 3142 10
