2700 3800
561 519 598 558 os
619 501 786 560 Passnvnnn
969 521 1016 561 101

330 643 382 684 non
404 625 516 703 probat
540 624 727 684 intentionem
750 636 838 684 tuam
868 627 1018 698 Primum,

330 705 551 782 quiaquantum
566 704 606 761 ad
625 705 758 780 primum
782 718 930 782 punctum,
959 724 1021 764 res-

325 785 451 863 pondent
470 784 548 861 quod
570 785 702 860 Spiritus
720 787 845 843 Sanctus
858 785 926 844 benc
939 787 1022 844 scivit

328 866 397 944 quid
407 864 557 941 sufficeret
568 865 713 923 Ecclesia
727 885 736 921 .·
765 876 795 922 et
813 866 876 922 ideo
890 867 1022 942 quamvis

329 963 384 1003 non
396 945 459 1004 sint
471 943 571 1002 omnia
588 945 707 1019 scripta,
724 955 820 1003 tamen
834 963 898 1021 quae
911 947 1022 1024 scripta

327 1036 396 1083 sunt
405 1023 563 1102 sufficiunt.
577 1024 621 1082 Et
634 1023 711 1100 quod
723 1025 763 1081 ad
775 1025 952 1096 traditiones,
968 1044 1022 1082 non

327 1105 470 1164 babemus
480 1103 560 1180 ipsas
572 1103 734 1180 descriptas
745 1105 774 1162 in
786 1105 931 1181 Epistoiis
942 1107 1022 1164 Pau-

328 1185 359 1254 li,
382 1183 434 1242 ubi
456 1183 576 1242 ordinat
589 1183 690 1242 multa.
711 1185 826 1242 Deinde
846 1185 948 1242 debent
961 1185 1022 1243 dis-

329 1264 429 1356 tingui
446 1263 523 1320 ritus
546 1271 575 1319 et
592 1263 813 1338 modisaciendi
824 1281 844 1320 a
855 1265 1022 1322 Doctrina:

328 1360 398 1422 quta
412 1341 461 1400 iili
473 1352 541 1402 sunt
551 1340 707 1402 mutabiles
720 1344 876 1402 secundnm
891 1353 1023 1420 tempora

328 1434 358 1481 et
375 1423 465 1482 loca:
486 1421 632 1480 Doctrina
643 1440 713 1480 vero
730 1433 775 1481 est
789 1441 903 1499 semper
923 1442 981 1481 una
995 1435 1024 1482 et

329 1503 442 1560 eadern.
458 1500 584 1578 Ideoque
592 1503 681 1559 etiam
692 1503 742 1560 isti
756 1521 900 1580 nunquam
915 1505 1024 1579 rejece-

330 1592 400 1640 runt
419 1581 602 1640 ceremonias
627 1582 656 1638 in
683 1593 783 1654 totum,
807 1600 858 1640 nec
876 1584 1021 1658 rejiciunt,

329 1663 404 1740 sicut
418 1671 451 1718 tu
461 1660 561 1740 fingis
579 1671 608 1717 te
627 1662 759 1718 nescire:
775 1662 826 1719 sed
844 1680 894 1721 eas
911 1673 1023 1721 tantum

330 1759 396 1819 quae
407 1751 478 1800 sunt
491 1740 598 1816 impia,
613 1741 658 1798 vel
665 1741 768 1817 quibus
784 1741 825 1797 ita
839 1742 923 1800 abusi
937 1743 1024 1800 estis.-

329 1823 414 1893 sicut,
429 1831 462 1879 ut
475 1837 531 1878 non
538 1821 654 1897 possint
660 1821 729 1896 J'am
743 1821 873 1892 tolerari,
895 1821 984 1879 etiam
998 1821 1026 1878 si

327 1919 427 1981 perse
438 1901 559 1976 suerint
569 1901 709 1976 sundatae
722 1902 762 1959 ad
775 1902 877 1959 bonam
892 1902 1027 1959 intentio-

332 2000 408 2044 nem.
421 1982 467 2041 Et
476 1990 633 2059 praterea,
650 1991 683 2038 ut
699 1981 810 2039 valeret
823 1991 921 2039 restra
934 1998 1028 2059 argu-

333 2061 485 2131 mentatio,
509 2069 586 2119 esset
604 2061 792 2137 probandum
819 2062 894 2138 qnod
917 2061 1031 2119 Paulus

334 2142 463 2220 loquitur
478 2139 516 2198 de
539 2139 600 2199 illis
620 2140 835 2213 traditionibus,
854 2158 927 2216 quas
944 2151 974 2196 tu
987 2140 1031 2197 vis

334 2221 502 2299 defendere,
534 2219 566 2276 id
582 2230 636 2291 est,
662 2220 699 2276 de
716 2221 822 2292 Missa,
854 2220 1031 2278 invocatione

334 2304 520 2372 Sanctorum,
529 2301 624 2376 Papa,
632 2299 1025 2377 crismate‚aqnabenedicta,

335 2392 365 2441 et
388 2380 462 2438 aliis
487 2380 669 2437 terribilibus
689 2380 858 2458 sacrilegiis
878 2397 943 2455 quae
965 2380 1028 2436 dia-

336 2461 418 2521 bolus
429 2460 551 2533 cacavit,
567 2460 671 2517 nedum
687 2470 719 2517 ut
739 2460 895 2517 tradiderit
905 2462 1030 2518 Sanctus

335 2539 457 2612 Paulus,
485 2538 534 2596 cui
558 2549 589 2596 tu
605 2540 689 2615 sacis
717 2556 857 2616 magnam
878 2539 1027 2614 injuriam.

335 2623 417 2679 Nam
430 2619 546 2676 Paulus
559 2628 642 2675 vocat
656 2619 852 2695 defensionem
864 2618 1031 2694 nuptiarum

337 2710 365 2757 et
376 2700 510 2758 ciborum
524 2698 700 2757 Doctrinam
712 2699 886 2756 diabolicam
898 2719 907 2754 .·
922 2708 951 2755 ct
963 2698 1033 2755 dicit

337 2778 412 2855 quod
422 2780 560 2852 Regnum
576 2778 631 2834 Dei
646 2796 709 2836 non
723 2791 766 2835 est
780 2778 812 2834 in
825 2795 889 2835 esca
904 2790 933 2833 et
947 2790 1031 2851 potu.

334 2858 426 2915 'Unde
446 2866 531 2933 patet
554 2856 629 2933 quod
661 2859 840 2914 mentiuntur
862 2857 912 2931 qui
935 2857 1033 2914 dicunt

341 2936 619 3013 Quadrupesimam,
635 2946 666 2993 nt
680 2954 754 2993 nunc
763 2937 814 3013 fit,
826 2953 887 2993 esse
902 2937 1035 2993 traditio-
1108 2944 1110 2949 ’

341 3034 405 3073 nem
419 3015 636 3093 Apostolorum,
653 3027 683 3074 et
695 3017 758 3074 alia
770 3016 889 3073 similia.
904 3018 946 3073 Et
957 3017 1033 3073 idem

905 3142 927 3185 9.
