2700 3800
485 523 524 562 ns
545 505 712 563 Pisonum
893 509 943 565 133

263 629 347 686 modis
363 629 550 685 instruantur
563 629 776 706 omnesfideies
794 630 832 687 de
845 631 945 688 voiun-

212 761 215 778 ,
264 710 385 783 tateejus
397 718 429 763 et
442 706 480 763 de
493 708 679 766 mirabilibus
692 727 756 784 qua
762 711 846 784 fecit.
865 712 946 781 Qua-

264 789 385 844 mobrem
405 805 458 844 nos
482 788 629 845 credimus
652 788 728 863 quod
748 800 778 845 tu
796 807 827 847 es
847 790 947 847 asinus

263 867 383 938 Indicus,
403 868 455 942 qui
469 866 555 923 habet
572 877 723 923 cornutum
738 880 836 944 caput,
858 869 946 925 etiam

263 946 369 1021 quando
391 955 423 1001 tu
444 963 499 1002 non
512 954 613 1021 portas
632 948 751 1004 mitram
773 958 852 1005 tuam
865 970 873 1004 :
887 948 947 1004 uiso

263 1028 330 1099 quod
344 1035 377 1081 tu
392 1026 478 1100 sacis
496 1036 674 1102 argumenta
693 1037 753 1083 tam
774 1038 903 1096 cornuta,
920 1037 948 1083 et

264 1105 299 1161 ita
320 1115 352 1160 tu
370 1122 402 1161 es
420 1104 572 1182 Magister
583 1114 682 1163 noster
700 1107 725 1162 A
745 1106 889 1163 Cornibus
900 1124 948 1162 re·

261 1186 421 1241 suscitatus.

292 1422 342 1478 De
355 1419 516 1477 Recabitis.
539 1421 651 1477 Dicunt
669 1421 767 1488 etiam,
784 1420 860 1495 quod
875 1429 905 1475 tu
920 1437 950 1477 es

261 1518 332 1558 unus
350 1500 459 1557 stultus
479 1501 518 1556 ad
541 1501 649 1577 uiginti
668 1510 794 1576 quatuor
813 1510 948 1556 caratos:

260 1580 401 1656 quiahoc
421 1597 475 1636 uon
488 1580 555 1653 suit
577 1598 664 1635 unum
684 1589 864 1656 preceptum
894 1579 951 1634 Dei

260 1659 311 1717 sed
340 1676 431 1715 unum
458 1669 637 1735 praeceptum
667 1669 824 1735 paternum
831 1702 838 1729 ,
876 1658 951 1733 quod

261 1738 341 1795 dedit
361 1737 441 1814 filiis
469 1739 547 1809 suis,
571 1739 646 1814 quod
673 1756 727 1795 nou
754 1738 883 1794 reddidit
903 1754 951 1793 eos

260 1818 434 1888 sanctiores,
467 1836 556 1892 neque
582 1818 718 1874 meliores
745 1836 802 1893 per
823 1834 872 1886 se,
900 1815 952 1872 sed

262 1909 360 1955 tamen
386 1897 549 1954 obedientia
588 1898 641 1954 ttta
666 1892 802 1974 filiorum
838 1895 952 1971 placuit

262 1979 345 2049 Deo,
380 1977 449 2053 quia
476 1978 618 2053 pracepit
644 1998 652 2032 :
686 1978 810 2034 Honora
838 1989 952 2049 patrem

263 2070 361 2129 tuum,
376 2069 407 2113 et
428 2069 552 2114 matrem
570 2070 662 2116 tuam.
687 2059 730 2114 Et
749 2057 879 2113 uidemus
897 2056 953 2111 huc

261 2138 409 2212 pertinere
423 2136 497 2192 iilud
505 2147 684 2212 praereptum
703 2135 835 2192 ionadab
849 2134 888 2190 ad
901 2134 953 2189 hoc

263 2217 323 2273 Dei
332 2226 523 2291 praeceptum,
545 2217 614 2291 quia
637 2216 720 2272 addit
733 2215 853 2271 eandem
869 2214 951 2269 bene-

263 2296 426 2363 dictionem,
452 2296 480 2352 si
495 2296 652 2370 paruerint
667 2296 736 2370 sitii
759 2294 813 2362 sui,
832 2293 951 2348 dicens:

265 2374 356 2432 Eritis
365 2373 491 2449 longaevi
509 2393 596 2449 super
614 2387 733 2432 terram.
749 2373 808 2430 Sed
819 2373 846 2429 si
858 2374 952 2430 dona-

264 2454 321 2511 dab
328 2455 454 2530 fecisset
471 2455 524 2510 hoc
536 2455 610 2511 sicut
623 2455 709 2512 hodie
716 2455 835 2530 faciunt
850 2469 952 2508 mona-

264 2535 321 2604 chi,
335 2534 432 2591 volens
451 2534 602 2591 instituere
616 2553 718 2591 uorum
732 2532 881 2590 seruitium
895 2531 954 2586 Dei

266 2613 303 2670 de
321 2630 376 2670 suo
396 2613 498 2687 eapite,
516 2623 544 2669 et
570 2614 611 2670 ita
635 2614 742 2670 mereri
758 2610 951 2688 paradysum,

267 2693 412 2749 Dominus
425 2691 569 2749 dixisset:
587 2694 659 2763 Quis
674 2693 727 2748 hoc
735 2691 825 2768 petiit
842 2691 877 2745 de
890 2704 953 2743 ma-

266 2772 352 2828 nibus
369 2773 499 2828 uestris?
517 2773 604 2827 Patet
620 2782 718 2827 autem
733 2772 785 2826 hoc
802 2787 843 2825 ex
860 2785 953 2844 argu-

267 2860 364 2908 mento
377 2851 453 2926 quod
469 2851 614 2925 iilicsaeit
628 2852 781 2918 Dominus,
795 2849 891 2904 dicens
901 2866 954 2923 po-

264 2931 338 3008 puio
356 2946 408 2987 suo
428 2951 436 2985 .·
464 2930 533 2987 Filii
551 2932 647 2988 Recab
663 2930 886 2988 benefecerunt
902 2945 954 2984 vo-

266 3030 331 3069 cem
346 3011 509 3085 patrissui,
530 3024 560 3068 et
577 3028 628 3069 vos
645 3007 863 3083 contempsistis
880 3025 954 3081 prae-

809 3136 835 3168 12
