2700 3800
503 535 539 573 os
560 518 728 575 Pssssvnns
923 520 959 595 93

268 642 377 717 thytis,
394 653 517 717 quantos
524 643 669 719 fecissent
679 659 834 720 processus
851 644 879 701 si
891 644 962 702 ado·

267 731 386 778 rassent
401 722 554 799 imagines,
571 723 648 799 quod
666 741 811 799 nunquam
822 725 962 800 fecerunt

267 800 393 859 Judaei?
416 811 445 858 et
466 812 532 859 tunc
550 802 664 878 aliquid
682 804 865 862 ordinassent
880 806 961 880 Apo-

266 880 349 937 stoli.
359 882 404 939 Et
413 891 557 955 praterea
565 882 594 939 si
602 882 665 938 hac
675 892 750 939 esset
758 883 875 954 ueritas,
892 884 962 940 Ma-

266 960 363 1037 gistri
376 961 469 1018 nostri
480 962 615 1037 profecto
627 972 695 1018 sunt
703 963 807 1040 magni
815 963 901 1031 asini,
912 963 962 1038 qui

267 1057 326 1099 non
339 1040 528 1097 condemnant
540 1041 708 1116 Epistoiam
720 1042 803 1098 iiiam
818 1042 961 1117 antiquis-

266 1119 378 1178 simam
391 1120 561 1197 Epiphanii,
577 1138 643 1195 qua
656 1120 729 1178 dicit
739 1131 830 1178 totum
845 1131 961 1179 contra-

268 1198 349 1255 rium
365 1218 375 1253 .·
390 1208 418 1255 et
422 1199 488 1275 suit
502 1209 562 1256 tam
578 1199 707 1271 laudata,
719 1199 863 1276 quodsnit
875 1217 961 1258 uersa

268 1280 306 1335 de
322 1280 426 1336 Graeco
445 1279 474 1335 in
492 1280 633 1337 Latinum
647 1297 705 1355 per
719 1280 834 1337 bennum
848 1280 961 1338 Hiero·

268 1376 403 1433 nymum,
420 1358 495 1417 sicut
507 1358 595 1416 etiam
605 1358 691 1416 hodie
705 1359 817 1437 legitur
828 1359 857 1416 in
871 1359 961 1435 ipsius

268 1438 414 1514 operibus.
429 1439 473 1496 Et
489 1448 585 1496 tamen
595 1440 696 1513 jactat
710 1456 743 1497 se
759 1440 810 1496 itte
825 1440 960 1516 Epipha-

268 1518 334 1574 nius
347 1518 514 1594 maniseste,
530 1519 606 1594 quod
624 1520 742 1594 ruperit
760 1537 848 1576 unum
864 1520 959 1577 uelum

268 1597 345 1672 quod
352 1597 497 1673 pendebat
516 1597 545 1654 in
567 1615 623 1655 uno
643 1599 759 1674 templo,
776 1600 805 1656 in
825 1617 881 1675 quo
895 1610 960 1657 erat

263 1676 349 1753 picta
368 1676 475 1755 Imago
499 1676 635 1735 Christi:
655 1687 684 1734 et
700 1678 783 1735 addit
803 1680 956 1751 rationem,

267 1756 338 1831 quia
358 1755 413 1812 hoc
426 1766 490 1814 erat
503 1757 614 1814 directe
632 1767 734 1814 contra
751 1758 959 1816 authoritatem

267 1837 386 1893 Sancta
396 1836 568 1912 Scriptura.
580 1836 684 1913 Itaque
693 1846 807 1913 oportet
816 1837 891 1913 quod
898 1838 960 1894 Do-

266 1915 366 1974 minus
378 1916 666 1992 Nuper·Praesidens
680 1917 721 1974 sit
733 1917 885 1974 haereticus
894 1934 959 1974 cum

267 2005 329 2054 tota
338 1996 655 2072 RomanaApostaticu
667 1996 812 2067 Ecclesia,
826 1997 872 2054 uei
882 1996 959 2072 Epi·

262 2074 960 2153 phaniuscumHieronymo.Neasufficitdicere

266 2155 345 2232 quod
359 2155 486 2212 nondum
500 2157 554 2213 hoc
568 2166 634 2213 erat
646 2157 813 2215 conclusum
825 2174 882 2232 per
895 2157 958 2214 Ec-

265 2235 397 2305 clesiam,
414 2234 489 2292 sicut
494 2235 561 2310 suit
567 2246 636 2311 post
646 2256 654 2291 :
665 2237 733 2312 quia
744 2237 772 2294 si
778 2237 959 2312 suissethaec

214 2346 221 2353 -
265 2314 730 2390 eonsuetudoApostolorum‚ista
740 2334 787 2373 res
797 2325 959 2374 eratextra

263 2394 403 2466 dubium,
430 2404 459 2452 et
492 2412 547 2451 non
574 2394 726 2473 indigebat
749 2396 901 2454 consilio:
930 2405 959 2453 et

264 2473 463 2550 Epiphanius,
479 2491 564 2549 quem
579 2475 723 2550 approbat
739 2477 779 2532 D.
802 2475 958 2549 Hierony·

264 2571 348 2626 mus,
379 2570 524 2629 nunquam
549 2553 692 2626 dixisset,
718 2555 794 2630 quod
819 2556 872 2612 boc
894 2564 959 2612 erat

264 2643 370 2703 contra
392 2633 599 2691 authoritatem
625 2635 742 2692 Sancta
767 2635 957 2710 Scriptura.-

264 2722 318 2770 aut
338 2712 367 2770 si
386 2712 525 2786 dixisset,
543 2713 657 2788 suisset
674 2713 881 2770 condemnatus
898 2731 957 2791 pro

264 2792 415 2852 haeretico.
436 2794 492 2851 Ex
520 2810 575 2867 quo
601 2793 733 2868 sequitur
759 2793 836 2868 quod
859 2793 958 2850 omnia

264 2890 334 2951 quae
343 2874 538 2949 posteasacta
553 2882 620 2929 sunt
633 2890 691 2948 per
709 2873 824 2948 Papam
845 2873 956 2929 Roma·

264 2970 346 3024 num,
372 2952 463 3009 etiam
489 2960 591 3009 eontra
614 2951 768 3026 Synodum
788 2951 955 3026 septimam,

264 3049 332 3109 qua
343 3031 465 3090 dixerat
476 3049 531 3089 non
544 3048 607 3091 esse
619 3030 784 3090 adorandas
800 3031 953 3110 imagines,
