2700 3800
492 497 528 539 nt
548 484 713 540 Pusam
893 503 944 559 ¹27

265 615 339 681 caput
358 605 446 675 asini,
469 605 527 681 ipsi
542 623 600 681 per
620 607 827 684 transitempus
848 608 946 664 dicunt

264 701 291 741 se
304 686 486 762 respondere,
503 687 579 760 quod
594 686 643 761 qni
662 687 944 762 constituitjudices,

266 781 309 820 non
323 773 418 821 mutat
438 774 535 821 tamen
556 764 646 841 teges,
666 783 756 840 neque
770 766 853 823 addit
870 766 945 843 tegi-

211 909 218 924 ,.
266 843 335 900 ius:
358 844 413 901 sed
436 843 590 920 confirmat
616 861 673 914 eas,
700 846 812 920 quando
833 846 884 901 dat
909 846 945 902 iis

211 933 213 940 '
265 923 412 982 meatem.
432 921 515 980 Sicut
533 924 598 997 (pro
616 924 765 1000 exemplo)
783 926 896 1000 qnando
915 935 945 981 tu

265 1017 289 1057 es
296 1002 442 1078 depositus
452 1000 630 1073 Prasidens,
638 1021 694 1059 non
706 1013 749 1059 est
758 1013 881 1079 propter
893 1005 946 1060 hoc

265 1090 398 1138 testatum
411 1079 646 1148 Parlamentum,
663 1099 753 1157 neque
764 1082 876 1156 aliquid
889 1082 943 1138 ad-

264 1157 345 1216 ditum
359 1159 407 1216 uei
416 1159 590 1216 diminutum
605 1160 641 1216 de
655 1160 770 1237 legibus
781 1162 875 1236 regni,
887 1162 945 1219 imo

263 1241 430 1315 estfactum
449 1255 537 1294 unum
557 1256 698 1315 magnum
723 1240 792 1296 benc
807 1258 864 1315 pro
887 1250 945 1296 toto

263 1333 355 1395 regno.
370 1319 416 1375 Et
426 1318 479 1386 sic,
494 1318 607 1393 quando
622 1318 723 1376 Moses
737 1320 789 1375 hoe
796 1320 882 1393 secit,
892 1320 944 1393 fe·

262 1397 293 1453 cit
304 1415 393 1456 satam
401 1397 541 1473 politiam
551 1415 638 1472 qnam
648 1398 761 1454 uidebat
774 1415 836 1455 esse
848 1416 943 1454 neces·

260 1478 373 1546 sariam,
389 1486 422 1532 et
433 1493 489 1532 non
497 1476 574 1550 fecit
587 1477 623 1533 de
635 1478 798 1551 suocapite,
815 1477 868 1533 sed
880 1486 946 1552 post

212 1623 214 1628 Ι
259 1558 346 1614 soceri
358 1556 408 1612 sui
420 1555 583 1620 consitium,
603 1572 659 1611 non
678 1556 797 1612 dubium
817 1568 861 1614 est
876 1557 944 1632 quin

212 1639 214 1644 '
259 1634 420 1708 quasircrit
432 1634 584 1691 consilium
596 1651 615 1690 a
629 1636 695 1691 Deo
703 1636 905 1703 sicntsoicbat‚
916 1646 945 1691 ct

257 1716 340 1772 ctiam
360 1713 512 1772 Muoeanit
526 1724 621 1770 totum
636 1715 776 1789 poputum
801 1716 829 1771 in
850 1715 944 1771 conei-

258 1793 325 1850 iium
346 1793 426 1852 sicut
442 1792 582 1849 scribitur
595 1793 683 1848 Dent.
704 1813 732 1849 1.
750 1814 758 1849 .·
781 1811 854 1869 ergo
870 1803 944 1849 tues

256 1875 352 1931 nictus.
373 1873 459 1931 Nam
473 1871 526 1930 hac
543 1890 598 1929 non
617 1882 661 1930 est
674 1872 783 1930 addere
796 1873 835 1929 ad
850 1873 944 1949 legem

255 1962 281 2008 et
298 1962 483 2029 praceptum
507 1952 637 2022 Domini,
660 1952 712 2008 sed
734 1953 761 2009 si
783 1953 946 2008 ordinasset

256 2032 335 2107 teges
349 2029 387 2087 de
400 2048 453 2087 suo
466 2032 570 2105 capite,
591 2040 643 2086 ant
660 2031 813 2108 sacrificia,
831 2041 883 2087 ant
890 2031 944 2104 se-

255 2110 338 2167 sisset
362 2109 483 2185 aliquod
506 2121 695 2186 praeoptem,
720 2111 797 2186 qnod
818 2120 945 2167 uocasset

255 2189 407 2265 Praeewta
433 2187 583 2256 Ecclesia,
608 2189 684 2245 sient
703 2190 822 2264 saeinnt
842 2190 942 2263 Papa,

256 2278 319 2325 tunc
327 2273 556 2327 contravenisset
565 2267 627 2344 tegi
633 2268 702 2324 Dei.
709 2269 769 2324 Sed
776 2269 873 2332 etiam,
884 2268 946 2322 Do-

256 2347 624 2422 ntmNuper-Prusiaens
633 2348 744 2418 (dieunt
753 2348 822 2420 isti),
834 2346 941 2413 audite,

256 2426 308 2485 nisi
323 2426 469 2485 amisistis
489 2443 576 2482 aures
597 2444 662 2483 cum
684 2427 825 2497 dentibus,
844 2427 945 2482 Moses

257 2516 316 2562 erat
340 2505 476 2562 minister
498 2505 559 2562 Dei
584 2505 613 2560 in
640 2506 794 2562 condendis
818 2505 942 2581 legibus.

260 2584 357 2659 Itaque
368 2583 484 2659 quando
497 2583 630 2660 faciebat
644 2584 734 2660 teges,
748 2601 803 2640 non
812 2584 945 2660 faciebat

260 2662 306 2719 hoc
324 2661 354 2719 in
372 2679 427 2719 sua
442 2680 578 2739 persona,
597 2663 648 2719 sed
670 2674 703 2719 nt
721 2664 854 2720 minister
873 2663 943 2723 Dei.

263 2740 315 2796 Sed
325 2751 395 2816 post
413 2742 529 2799 Mosem
550 2759 633 2798 nemo
650 2742 751 2799 habuit
763 2743 836 2798 hanc
846 2752 944 2816 potes-

265 2827 354 2889 tatem,
365 2820 422 2878 nisi
435 2838 477 2877 ex
488 2820 610 2897 speciali
626 2821 762 2877 mandato
779 2821 838 2876 Dei
851 2831 881 2876 et
894 2839 943 2877 rc-

266 2897 412 2970 teiatione‚
441 2899 526 2974 idque
556 2899 584 2955 in
611 2900 707 2974 sactis
736 2910 764 2955 et
787 2900 944 2976 praecptis

213 3036 216 3058 Ε
269 2977 461 3045 peculiaribus.
480 2979 564 3035 Sient
582 2979 695 3054 quando
714 2980 852 3036 Salomon
865 2980 945 3055 fecit
