2700 3800
569 530 605 569 on
625 513 792 570 passavant
985 514 1023 588 89

329 634 391 693 Sed
405 635 465 693 ista
482 651 579 705 causa,
599 636 636 693 de
649 653 709 712 qua
726 644 757 693 tu
778 636 920 714 disputas,
936 638 1024 694 estin

330 733 425 780 totum
440 734 468 780 et
478 742 535 799 per
553 725 652 781 omnia
666 724 783 783 diuersa
798 744 807 781 .-
822 724 891 801 quia
905 742 961 782 non
968 723 1024 801 sa·

330 804 413 861 ciunt
425 804 589 860 Lutherani
603 803 803 880 difficultatem
817 804 854 861 de
867 804 1021 875 vocabulis,

330 883 384 941 sed
400 883 436 939 de
454 882 554 953 rebus‚·
569 883 690 959 quanvis
703 885 791 941 etiam
807 884 929 941 libenter
942 885 1025 960 resu-

330 964 420 1041 gt‘ant
445 962 545 1020 modos
569 963 687 1020 dicendi
711 963 896 1040 sophisticos
922 964 1025 1041 quibus

330 1044 463 1101 Sorbona
481 1042 678 1100 obtenebravit
699 1044 908 1120 Evangeiium.
932 1044 1026 1101 Sicuti

332 1123 378 1196 (ut
391 1139 500 1198 ponam
521 1121 702 1199 exemplum)
724 1139 814 1199 quum
834 1123 933 1180 dicunt
949 1124 1025 1199 quod

332 1202 397 1258 sola
416 1201 481 1279 fide
496 1201 710 1278 justificamur,
737 1202 928 1260 benedicunt
950 1202 1025 1277 quod

329 1282 391 1338 ista
400 1281 572 1358 propositio,
589 1290 621 1338 ut
630 1282 722 1357 jacet,
739 1291 856 1339 nonest
873 1280 902 1338 in
920 1281 1024 1357 Scrip-

333 1371 403 1417 tura
414 1379 423 1416 .·
436 1360 489 1417 sed
501 1360 570 1434 quia
584 1360 699 1434 quando
710 1360 822 1419 Paulus
838 1360 918 1431 dicit,
935 1359 1023 1418 Arbi-

332 1453 449 1497 tramur
462 1438 520 1496 fide
538 1438 691 1515 justificari
706 1439 860 1498 hominem
874 1439 938 1497 sine
952 1458 1023 1515 ope·

332 1519 417 1577 ribus
430 1518 512 1595 legis,
524 1520 607 1595 ponit
618 1519 795 1577 hancnocem
811 1541 820 1576 .·
835 1521 915 1594 Sola,
929 1521 958 1577 si
968 1538 1023 1578 non

333 1600 363 1656 in
376 1599 472 1670 uerbo,
488 1600 593 1657 saltem
610 1599 638 1655 in
652 1615 737 1656 sensu
751 1619 760 1655 .·
775 1600 839 1657 ideo
853 1610 975 1657 utuntur
989 1615 1025 1656 ea

332 1688 362 1736 et
374 1679 419 1736 sic
425 1675 590 1754 loquuntur,
607 1688 637 1735 et
649 1678 693 1735 sic
706 1678 742 1735 de
754 1679 832 1737 aliis.
843 1681 891 1736 Ita
904 1689 935 1736 tu
944 1680 1025 1738 uides

331 1758 409 1833 quod
423 1768 453 1814 tu
467 1774 497 1815 es
509 1775 584 1816 unus
593 1758 689 1835 turpis
698 1759 902 1830 calumniator,
911 1759 1024 1833 quando

329 1849 363 1895 tu
377 1854 531 1915 comparas
545 1856 594 1896 eos
606 1855 674 1895 cum
686 1838 837 1897 Arrianis.
850 1837 911 1895 Sed
919 1848 1024 1913 quanto

333 1928 364 1977 tu
377 1918 483 1977 meiius
498 1935 530 1977 es
547 1919 705 1990 Arrianus,
729 1919 780 1996 qui
791 1918 876 1994 sacis
890 1928 932 1975 tot
945 1918 1023 1990 deos,

330 2008 401 2074 quot
410 2007 480 2056 sunt
494 1997 572 2054 idola
584 2015 650 2073 qua
664 2009 695 2055 tu
707 1999 823 2069 adoras,
837 2007 868 2055 et
878 2007 948 2074 quot
958 2007 1026 2055 sunt

331 2077 509 2153 Presbyteri
520 2078 777 2153 Presbyterantes‚
790 2076 821 2133 id
832 2088 877 2135 est
880 2077 1026 2154 facientes

331 2167 362 2214 et
374 2156 504 2234 quotidie
515 2157 697 2215 comedentes
715 2174 805 2215 unum
825 2156 911 2214 deum
926 2156 1025 2214 album

330 2236 372 2294 ad
384 2237 483 2295 minus
487 2255 545 2314 pro
558 2253 616 2295 sex
629 2237 723 2295 albis!

369 2315 458 2388 Quod
473 2326 572 2374 autem
590 2326 702 2394 spectat
720 2316 760 2373 ad
779 2316 960 2387 Donatistae,
978 2315 1025 2372 di·

329 2405 401 2454 cunt
412 2396 489 2471 quod
507 2397 566 2453 nisi
584 2412 661 2453 esses
679 2406 741 2453 tam
755 2395 933 2454 rubicundus
951 2396 1027 2470 quod

331 2488 362 2533 tu
376 2492 435 2533 non
447 2485 532 2552 potes
547 2476 646 2552 magis
665 2475 746 2549 (quia
756 2475 820 2533 sine
838 2477 891 2533 hoc
905 2485 936 2531 tu
950 2491 1027 2533 esses

332 2554 518 2629 Cardinaiis)
534 2555 715 2612 mirarentur
728 2555 803 2630 quod
816 2553 958 2629 quomodo
970 2571 1025 2611 non

329 2635 518 2692 erubesceres
533 2635 590 2692 ista
603 2634 739 2692 scribere.
758 2634 837 2704 Quia
852 2651 940 2708 quum
955 2633 1026 2708 ipsi·

329 2725 399 2785 met,
421 2730 493 2789 quos
516 2723 548 2770 tu
566 2731 659 2772 ‘rocas
678 2713 1024 2789 pseudo-Euangelistas,

296 2817 300 2821 ·
328 2794 520 2853 condemnent
540 2794 722 2865 Donatistas,
742 2803 774 2849 tu
795 2793 865 2848 bene
880 2793 938 2850 scis
951 2793 1028 2869 quod

329 2891 387 2932 nan
402 2874 621 2931 contraveniunt
642 2874 679 2931 iis
698 2871 949 2930 consuetudinibus
966 2874 1026 2931 Ec-

327 2953 439 3024 clesia,
456 2969 522 3028 qua
535 2953 625 3010 etiam
639 2952 667 3009 si
681 2968 736 3009 non
749 2960 818 3010 sunt
831 2968 982 3028 expressa
998 2952 1026 3008 in

329 3031 514 3106 Scriptura,
543 3041 641 3089 tamen
666 3030 745 3107 quod
768 3029 809 3088 ad
833 3030 1024 3099 sententiam,

912 3143 934 3188 8.
