2700 3800
563 541 600 579 os
619 524 783 579 Pssssvnus
967 522 1017 580 165

326 645 1021 719 soluertdisomnibusduflisetitemqnodomnia

329 726 474 804 dogmata
491 742 556 799 quoe
573 717 731 799 defenditis
749 735 886 782 uenerunt
902 741 943 780 ex
957 734 1021 779 tra-

330 805 442 862 ditione
459 804 677 880 Apostolorum.
695 805 773 861 Ecce
789 804 867 880 quod
879 820 928 860 uos
941 820 1021 860 som-

331 883 430 953 niatis,
451 882 504 939 sed
522 893 566 940 est
580 883 679 959 pietas
698 884 773 956 quod
791 900 874 939 nemo
891 882 952 940 uult
970 881 1023 937 tibi

331 961 461 1033 credere,
478 971 508 1018 et
526 962 604 1037 quod
620 962 648 1018 si
668 970 699 1017 tu
718 961 971 1038 argumentareris
980 960 1024 1017 sic

332 1041 362 1098 in
380 1041 448 1117 ipsa
466 1041 608 1112 Sorbona,
626 1057 725 1097 omnes
742 1041 814 1098 socii
832 1050 864 1097 te·
882 1040 1021 1108 riderent,

332 1120 410 1178 sicut
431 1119 603 1180 Cailletam.
622 1120 672 1177 Ad
686 1120 878 1196 propositum,
901 1129 932 1176 tu
951 1119 1025 1176 dicis

334 1198 412 1276 quod
434 1199 572 1258 Christus
590 1198 671 1255 dixit
691 1198 730 1255 ad
751 1198 941 1276 Discipulos:
965 1197 1025 1268 Qui

334 1293 389 1335 vos
401 1276 525 1352 spernit,
541 1295 590 1334 me
603 1277 727 1351 spernit,
745 1288 776 1334 et
787 1277 921 1334 Paulus:
936 1276 1025 1345 Quod

337 1357 470 1414 Faciesio
478 1367 522 1413 est
534 1357 674 1413 columna
682 1368 711 1413 et
719 1356 939 1413 firmamentum
949 1353 1026 1413 veri·

337 1435 416 1508 tatis,
431 1444 463 1493 et
474 1436 527 1492 lsoc
546 1436 637 1492 etiam
656 1445 701 1492 est
718 1435 794 1510 quod
808 1445 837 1492 te
852 1434 984 1505 destruit,
999 1444 1028 1490 et

338 1524 437 1574 uastat
453 1523 514 1572 tota
530 1524 580 1571 tua
594 1524 773 1590 argumenta
791 1534 801 1571 .·
817 1515 887 1589 quia
904 1514 1028 1571 dicimus

287 1621 289 1644 ι
338 1593 416 1671 quod
432 1593 568 1670 Apostoli
585 1611 641 1650 non
656 1594 835 1651 excesserint
845 1611 928 1651 suam
949 1611 1027 1650 com·

287 1677 290 1716 ῑ
340 1673 521 1742 missionem,
541 1673 617 1730 sicut
631 1674 724 1749 Papoe
745 1683 774 1729 et
786 1673 867 1749 salsi
890 1671 1029 1749 Episcopi

340 1752 431 1812 nunt
445 1752 605 1828 lupanaris,
621 1753 672 1827 qui
686 1752 864 1809 mentiuntur
876 1769 908 1809 se
920 1767 1030 1809 succes·

340 1848 422 1890 sores
442 1847 543 1888 eorum
569 1851 578 1887 :
601 1841 633 1888 et
651 1831 729 1908 quod
750 1849 816 1888 cum
839 1831 974 1888 Ecclesia
990 1830 1030 1887 sit

337 1911 565 1989 sundasnmtum
577 1911 718 1981 ueritatis,
733 1912 817 1988 Papa
826 1928 890 1967 cum
902 1912 963 1967 suis
975 1927 1029 1966 non

342 2002 386 2049 ost
398 1990 543 2061 Ecclesia,
559 1991 610 2067 qui
620 2001 736 2067 pugnat
751 2001 851 2047 contra
865 1992 1028 2048 ueritatem.

343 2072 386 2129 Et
405 2070 450 2127 ita
472 2079 504 2127 tu
524 2070 603 2127 uides
625 2070 701 2145 quod
720 2088 776 2145 pro
797 2088 856 2128 una
875 2070 1032 2146 quastione

343 2168 408 2226 quoe
424 2159 499 2220 mat,
522 2160 553 2205 tu
560 2149 643 2225 sacis
657 2148 739 2219 duas,
755 2149 832 2205 sicut
854 2158 884 2206 tu
896 2149 1032 2224 faciebas

345 2230 374 2285 in
403 2228 594 2287 Parlamento
622 2229 704 2285 mille
734 2228 918 2304 difficultates
944 2246 1033 2304 super

345 2307 494 2385 cuspidem
504 2308 589 2364 nnius
601 2324 680 2378 acus,
698 2319 725 2365 et
735 2308 816 2364 mille
824 2324 979 2384 processus
992 2325 1033 2363 ex

346 2406 412 2459 uno,
427 2397 462 2443 ut
473 2387 517 2444 sic
534 2388 647 2444 ueniret
666 2405 742 2463 aqua
764 2388 803 2443 ad
825 2386 1031 2447 molendinum.

347 2467 405 2523 Sed
412 2476 459 2523 est
467 2476 615 2542 praterea
624 2484 681 2523 cena
693 2466 769 2524 bella
778 2467 907 2523 ridentia
919 2467 1031 2541 quando

348 2546 583 2623 interpretamini
601 2547 630 2602 in
652 2564 680 2601 2.
705 2549 782 2621 Reg.
808 2565 833 2602 1.
855 2563 912 2621 per
932 2563 1033 2602 arcum

375 2758 403 2817 (ι)
417 2757 473 2805 Coei
483 2756 590 2803 confirma
600 2756 751 2813 l'cxplicstion
759 2769 804 2814 que
812 2757 846 2801 M.
855 2756 883 2801 de
891 2756 913 2801 la
923 2756 1036 2814 Monnoye

349 2822 457 2867 adona&
469 2819 498 2864 de
511 2818 611 2877 l'origine
623 2818 650 2862 de
659 2831 684 2864 ce
697 2821 814 2876 proverbe,
823 2826 883 2863 tome
895 2830 917 2874 2,
927 2832 950 2876 p.
960 2819 998 2875 66,
1010 2821 1037 2864 de

348 2896 390 2929 oon
402 2894 509 2929 nouveou
522 2881 675 2939 Menagiana,
685 2879 768 2925 edition
776 2880 804 2924 de
813 2880 887 2936 Paris,
903 2880 970 2937 1715.

377 2973 406 3030 l²l
420 2970 538 3017 Glanum
550 2970 564 3014 d
575 2970 596 3013 la
611 2967 743 3026 messingale
758 2981 764 3013 ι
779 2969 873 3013 culottes
886 2969 945 3019 dont
954 2970 974 3014 le
983 2978 1038 3027 pom

349 3033 523 3092 ffllffll'ffl'
531 3030 638 3076 derribre·
652 3031 722 3085 (Note
735 3030 768 3075 du
778 3031 946 3086 Traducteur.)
