2700 3800
566 519 602 555 oc
623 500 787 556 Pnssnvnus
969 504 1019 572 ¹4⁵

344 623 522 697 paradysum,
535 632 566 679 et
575 640 632 698 per
646 622 751 680 missas
765 632 793 678 ct
802 641 857 697 per
865 624 1019 699 perdonos.

344 701 426 758 Etita
436 713 467 758 tu
474 702 558 777 sacis
575 712 657 758 tuum
670 718 848 777 processum,
859 703 933 759 sicut
947 713 977 758 tu
992 721 1021 760 cs

285 837 288 862 Ι
342 797 405 837 unus
415 782 581 856 stultusqui
590 781 726 838 verberas
736 782 867 856 teipsum.
879 783 922 839 Et
931 791 1020 838 totum

285 871 288 918 ἓ
339 860 372 914 ad
383 861 572 929 contrarium,
589 860 635 915 itti
651 860 703 935 qui
718 860 818 916 dicunt
830 862 906 934 quod
921 863 1021 917 Homo

337 953 393 994 non
406 951 503 1012 potest
517 939 700 996 benefacere
712 941 798 1010 dese,
812 953 841 995 et
853 957 913 996 non
926 951 1022 1012 potest

336 1016 438 1074 mereri
460 1015 521 1076 nisi
541 1017 618 1074 iram
642 1015 712 1088 Dei,
736 1029 766 1073 et
788 1018 1020 1090 damnationem,

334 1097 404 1152 adeo
417 1107 453 1152 ut
465 1096 504 1153 sit
515 1094 712 1152 necessarium
726 1098 808 1169 quod
824 1110 914 1169 ponat
927 1110 1020 1154 totam

332 1192 414 1232 suam
423 1175 549 1232 salutem
557 1175 589 1232 in
596 1176 750 1248 passionei
754 1194 806 1232 esu
816 1176 935 1248 Christi,
946 1177 1022 1234 nihil

332 1253 517 1324 reservando,
537 1264 691 1310 nonerunt
705 1255 836 1311 haretici
852 1273 908 1330 per
922 1274 1021 1312 conse-

330 1349 426 1407 quens,
438 1342 468 1388 et
477 1332 520 1388 ita
527 1342 559 1388 tu
566 1348 599 1389 es
608 1349 682 1390 unus
690 1333 883 1402 Lutheranus‚
894 1335 943 1409 qui
953 1335 1023 1390 bene

329 1412 419 1468 sentis
440 1421 505 1467 tuos
519 1412 692 1487 jasciculos.
712 1413 816 1487 Neque
831 1413 952 1487 prodest
969 1414 1022 1469 tibi

329 1490 405 1564 quod
413 1499 517 1565 postca
531 1500 561 1546 tu
574 1490 656 1559 dicis,
672 1491 749 1566 quod
762 1507 813 1548 nos
824 1493 1021 1566 praedicamus

329 1570 454 1647 effusam
469 1569 627 1640 licentiam,
637 1580 665 1626 et
675 1587 730 1626 non
739 1572 950 1627 comminamur
958 1590 1022 1646 ptu-

330 1663 382 1705 nas
400 1648 585 1723 peccantibus
602 1659 727 1712 austere,
748 1659 777 1705 et
797 1650 930 1706 docemus
946 1652 1020 1707 iram

330 1727 390 1784 Dei
407 1727 572 1800 lachrymis
592 1727 761 1803 mitigatum
780 1728 819 1783 iri
834 1730 969 1794 immune,
992 1739 1022 1784 et

329 1814 461 1863 nostram
472 1806 580 1883 legem,
594 1824 681 1881 quam
692 1807 803 1864 nouiter
814 1808 1018 1882 predicamus,

329 1884 454 1947 reddere
478 1885 591 1961 quietas
616 1886 803 1944 conscientias
828 1907 837 1941 .·
863 1886 891 1942 in
919 1888 1021 1962 quibus

329 1965 489 2021 mendaciis
514 1965 638 2022 dicimus
665 1965 741 2040 quod
773 1975 803 2021 tu
823 1968 971 2039 practicus
991 1967 1021 2022 id

329 2044 405 2119 quod
411 2042 647 2112 dicitderemias,
661 2044 729 2117 quia
741 2054 771 2099 tu
787 2045 890 2101 misces
900 2046 1017 2120 paleam

328 2139 393 2177 cum
409 2121 517 2188 tritico,
528 2121 558 2177 id
569 2132 611 2177 est
622 2122 802 2179 mordacium
813 2140 877 2179 cum
885 2125 1015 2179 ueritate.

330 2201 411 2257 Nam
433 2200 504 2255 titri
520 2200 614 2256 nostri
627 2210 656 2256 et
669 2201 730 2257 uita
743 2212 843 2257 nostra
856 2203 1017 2272 ostendunt,

329 2280 394 2336 Deo
406 2279 519 2355 gratia,
535 2279 611 2354 quod
626 2280 725 2355 magis
739 2280 852 2336 odimus
867 2291 895 2336 ct
906 2280 1019 2336 abomi-

329 2375 437 2414 namur
447 2356 535 2413 etiam
549 2374 568 2412 a
582 2358 669 2415 maiis
683 2359 776 2428 dictis,
792 2376 877 2435 quam
894 2370 924 2415 ιιι
936 2370 962 2414 et
976 2363 1019 2416 tui

329 2436 443 2493 simiies
454 2453 475 2491 a
487 2436 666 2512 madefuuis
682 2457 690 2491 .·
706 2447 734 2492 et
745 2437 858 2511 quaudo
870 2438 1018 2495 desidero·

330 2532 393 2572 mus
405 2514 503 2591 fidem
523 2533 678 2591 perquam
697 2534 855 2585 servemur,
880 2518 968 2575 simui
991 2528 1018 2575 et

321 2594 444 2679 pariter
459 2593 582 2650 dicimus
597 2596 672 2668 quod
676 2595 755 2671 fides
769 2605 811 2651 est
830 2596 935 2651 donum
947 2597 1015 2661 Dei,

331 2689 393 2747 que
403 2688 548 2747 nunquam
560 2672 641 2728 uadit
653 2674 717 2729 sine
734 2673 815 2730 bonis
829 2675 971 2749 operibus,
990 2685 1018 2731 et

333 2766 430 2808 umore
452 2751 520 2820 Dei,
541 2761 571 2806 et
590 2751 656 2807 odio
676 2753 794 2825 diaboli,
823 2763 852 2808 et
875 2754 1017 2810 sociorum

333 2830 402 2899 ejus,
420 2830 451 2885 id
465 2839 508 2886 est
522 2830 566 2885 tui
584 2839 724 2887 eteorum
738 2833 787 2905 qui
802 2832 855 2886 tibi
867 2832 1017 2888 similant:

336 2916 361 2961 et
375 2908 441 2966 ideo
456 2926 511 2964 non
519 2909 652 2984 jacimus
667 2919 726 2964 tam
742 2911 843 2965 bortum
858 2913 963 2985 sorum
984 2915 1019 2967 de

337 2984 425 3043 utute
436 3003 523 3063 quam
537 3003 595 3055 uos,
611 2987 661 3062 qui
672 2988 781 3062 ponitis
797 2989 826 3043 in
844 3006 920 3062 aqua
935 2991 1017 3046 benc-

899 3103 925 3146 13
