<?xml version="1.0" encoding="UTF-8"?>
<!DOCTYPE html PUBLIC "-//W3C//DTD XHTML 1.0 Transitional//EN"
    "http://www.w3.org/TR/xhtml1/DTD/xhtml1-transitional.dtd">
<html xmlns="http://www.w3.org/1999/xhtml" xml:lang="en" lang="en">
 <head>
  <title>
</title>
<meta http-equiv="Content-Type" content="text/html;charset=utf-8" />
  <meta name='ocr-system' content='tesseract 3.04.00' />
  <meta name='ocr-capabilities' content='ocr_page ocr_carea ocr_par ocr_line ocrx_word'/>
</head>
<body>
  <div class='ocr_page' id='page_1' title='image "./lepassavantdeth00goog_0192.png"; bbox 0 0 2700 3800; ppageno 0'>
   <div class='ocr_carea' id='block_1_1' title="bbox 567 505 1020 575">
    <p class='ocr_par' dir='ltr' id='par_1_1' title="bbox 567 505 1020 575">
     <span class='ocr_line' id='line_1_1' title="bbox 567 505 1020 575; baseline -0.007 -16"><span class='ocrx_word' id='word_1_1' title='bbox 567 522 603 558; x_wconf 73' lang='lat' dir='ltr'><strong><em>ns:</em></strong></span> <span class='ocrx_word' id='word_1_2' title='bbox 625 505 792 559; x_wconf 72' lang='lat' dir='ltr'><strong><em>Pnssavsns</em></strong></span> <span class='ocrx_word' id='word_1_3' title='bbox 969 521 1020 575; x_wconf 85' lang='lat'><strong><em>179</em></strong></span> 
     </span>
    </p>
   </div>
   <div class='ocr_carea' id='block_1_2' title="bbox 325 624 1028 1883">
    <p class='ocr_par' dir='ltr' id='par_1_2' title="bbox 325 624 1028 1883">
     <span class='ocr_line' id='line_1_2' title="bbox 330 624 1023 700; baseline -0.004 -18"><span class='ocrx_word' id='word_1_4' title='bbox 330 627 442 695; x_wconf 83' lang='lat' dir='ltr'><strong><em>christi,</em></strong></span> <span class='ocrx_word' id='word_1_5' title='bbox 458 627 509 682; x_wconf 89' lang='lat' dir='ltr'><strong><em>sed</em></strong></span> <span class='ocrx_word' id='word_1_6' title='bbox 524 626 646 695; x_wconf 85' lang='lat' dir='ltr'><strong><em>Christi,</em></strong></span> <span class='ocrx_word' id='word_1_7' title='bbox 662 643 746 700; x_wconf 81' lang='lat' dir='ltr'><strong><em>quem</em></strong></span> <span class='ocrx_word' id='word_1_8' title='bbox 759 642 810 681; x_wconf 91' lang='lat' dir='ltr'><strong><em>nos</em></strong></span> <span class='ocrx_word' id='word_1_9' title='bbox 825 624 949 680; x_wconf 82' lang='lat' dir='ltr'><strong><em>dicimus</em></strong></span> <span class='ocrx_word' id='word_1_10' title='bbox 959 642 1023 681; x_wconf 90' lang='lat' dir='ltr'><strong><em>esse</em></strong></span> 
     </span>
     <span class='ocr_line' id='line_1_3' title="bbox 330 703 1022 761; baseline -0.004 -1"><span class='ocrx_word' id='word_1_11' title='bbox 330 724 419 760; x_wconf 91' lang='lat' dir='ltr'><strong><em>unum</em></strong></span> <span class='ocrx_word' id='word_1_12' title='bbox 434 715 463 761; x_wconf 92' lang='lat' dir='ltr'><strong><em>et</em></strong></span> <span class='ocrx_word' id='word_1_13' title='bbox 483 705 576 761; x_wconf 78' lang='lat' dir='ltr'><strong><em>solum</em></strong></span> <span class='ocrx_word' id='word_1_14' title='bbox 597 707 733 760; x_wconf 84' lang='lat' dir='ltr'><strong><em>uerticem</em></strong></span> <span class='ocrx_word' id='word_1_15' title='bbox 753 704 896 760; x_wconf 76' lang='lat' dir='ltr'><strong><em>Ecclesia</em></strong></span> <span class='ocrx_word' id='word_1_16' title='bbox 918 703 1022 759; x_wconf 85' lang='lat' dir='ltr'><strong><em>Chris·</em></strong></span> 
     </span>
     <span class='ocr_line' id='line_1_4' title="bbox 330 782 1022 859; baseline -0.004 -20"><span class='ocrx_word' id='word_1_17' title='bbox 330 785 429 854; x_wconf 78' lang='lat' dir='ltr'><strong><em>tiana,</em></strong></span> <span class='ocrx_word' id='word_1_18' title='bbox 450 802 514 859; x_wconf 83' lang='lat' dir='ltr'><strong><em>quae</em></strong></span> <span class='ocrx_word' id='word_1_19' title='bbox 522 802 580 839; x_wconf 92' lang='lat' dir='ltr'><strong><em>non</em></strong></span> <span class='ocrx_word' id='word_1_20' title='bbox 600 785 685 839; x_wconf 83' lang='lat' dir='ltr'><strong><em>habet</em></strong></span> <span class='ocrx_word' id='word_1_21' title='bbox 710 783 781 839; x_wconf 89' lang='lat' dir='ltr'><strong><em>duos</em></strong></span> <span class='ocrx_word' id='word_1_22' title='bbox 807 783 928 838; x_wconf 85' lang='lat' dir='ltr'><strong><em>vertices</em></strong></span> <span class='ocrx_word' id='word_1_23' title='bbox 949 782 1022 838; x_wconf 88' lang='lat' dir='ltr'><strong><em>sicut</em></strong></span> 
     </span>
     <span class='ocr_line' id='line_1_5' title="bbox 329 861 1024 937; baseline -0.003 -18"><span class='ocrx_word' id='word_1_24' title='bbox 329 874 428 920; x_wconf 88' lang='lat' dir='ltr'><strong><em>restra</em></strong></span> <span class='ocrx_word' id='word_1_25' title='bbox 449 864 557 918; x_wconf 90' lang='lat' dir='ltr'><strong><em>mitra:</em></strong></span> <span class='ocrx_word' id='word_1_26' title='bbox 583 880 669 937; x_wconf 80' lang='lat' dir='ltr'><strong><em>quam</em></strong></span> <span class='ocrx_word' id='word_1_27' title='bbox 694 863 721 918; x_wconf 87' lang='lat' dir='ltr'><strong><em>si</em></strong></span> <span class='ocrx_word' id='word_1_28' title='bbox 743 880 797 917; x_wconf 89' lang='lat' dir='ltr'><strong><em>non</em></strong></span> <span class='ocrx_word' id='word_1_29' title='bbox 817 862 936 930; x_wconf 86' lang='lat' dir='ltr'><strong><em>habetis,</em></strong></span> <span class='ocrx_word' id='word_1_30' title='bbox 955 861 1024 917; x_wconf 89' lang='lat' dir='ltr'><strong><em>bene</em></strong></span> 
     </span>
     <span class='ocr_line' id='line_1_6' title="bbox 330 940 1024 1015; baseline -0.007 -16"><span class='ocrx_word' id='word_1_31' title='bbox 330 941 443 999; x_wconf 78' lang='lat' dir='ltr'><strong><em>relictis</em></strong></span> <span class='ocrx_word' id='word_1_32' title='bbox 457 942 573 998; x_wconf 80' lang='lat' dir='ltr'><strong><em>nabere.</em></strong></span> <span class='ocrx_word' id='word_1_33' title='bbox 593 944 636 998; x_wconf 87' lang='lat' dir='ltr'><strong><em>Et</em></strong></span> <span class='ocrx_word' id='word_1_34' title='bbox 651 952 799 1015; x_wconf 77' lang='lat' dir='ltr'><strong><em>praterea</em></strong></span> <span class='ocrx_word' id='word_1_35' title='bbox 816 941 879 1013; x_wconf 88' lang='lat' dir='ltr'><strong><em>suit</em></strong></span> <span class='ocrx_word' id='word_1_36' title='bbox 896 940 1024 996; x_wconf 84' lang='lat' dir='ltr'><strong><em>limitata</em></strong></span> 
     </span>
     <span class='ocr_line' id='line_1_7' title="bbox 330 1020 1023 1097; baseline -0.003 -20"><span class='ocrx_word' id='word_1_37' title='bbox 330 1021 496 1078; x_wconf 85' lang='lat' dir='ltr'><strong><em>commissio</em></strong></span> <span class='ocrx_word' id='word_1_38' title='bbox 510 1022 619 1078; x_wconf 90' lang='lat' dir='ltr'><strong><em>summi</em></strong></span> <span class='ocrx_word' id='word_1_39' title='bbox 630 1020 790 1097; x_wconf 86' lang='lat' dir='ltr'><strong><em>Pontificis,</em></strong></span> <span class='ocrx_word' id='word_1_40' title='bbox 802 1020 869 1093; x_wconf 86' lang='lat' dir='ltr'><strong><em>quia</em></strong></span> <span class='ocrx_word' id='word_1_41' title='bbox 881 1036 1023 1095; x_wconf 80' lang='lat' dir='ltr'><strong><em>negamus</em></strong></span> 
     </span>
     <span class='ocr_line' id='line_1_8' title="bbox 331 1099 1023 1176; baseline -0.004 -20"><span class='ocrx_word' id='word_1_42' title='bbox 331 1102 427 1176; x_wconf 89' lang='lat' dir='ltr'><strong><em>ipsum</em></strong></span> <span class='ocrx_word' id='word_1_43' title='bbox 446 1101 577 1176; x_wconf 87' lang='lat' dir='ltr'><strong><em>potuisse</em></strong></span> <span class='ocrx_word' id='word_1_44' title='bbox 590 1100 802 1174; x_wconf 80' lang='lat' dir='ltr'><strong><em>jacerenovas</em></strong></span> <span class='ocrx_word' id='word_1_45' title='bbox 819 1100 900 1175; x_wconf 80' lang='lat' dir='ltr'><strong><em>leges</em></strong></span> <span class='ocrx_word' id='word_1_46' title='bbox 911 1109 963 1153; x_wconf 94' lang='lat' dir='ltr'><strong><em>aut</em></strong></span> <span class='ocrx_word' id='word_1_47' title='bbox 978 1099 1023 1154; x_wconf 89' lang='lat' dir='ltr'><strong><em>in-</em></strong></span> 
     </span>
     <span class='ocr_line' id='line_1_9' title="bbox 330 1179 1022 1254; baseline -0.003 -19"><span class='ocrx_word' id='word_1_48' title='bbox 330 1180 492 1254; x_wconf 89' lang='lat' dir='ltr'><strong><em>terpretari</em></strong></span> <span class='ocrx_word' id='word_1_49' title='bbox 504 1198 561 1253; x_wconf 89' lang='lat' dir='ltr'><strong><em>pro</em></strong></span> <span class='ocrx_word' id='word_1_50' title='bbox 574 1197 629 1235; x_wconf 91' lang='lat' dir='ltr'><strong><em>sua</em></strong></span> <span class='ocrx_word' id='word_1_51' title='bbox 643 1179 808 1235; x_wconf 81' lang='lat' dir='ltr'><strong><em>voluntate:</em></strong></span> <span class='ocrx_word' id='word_1_52' title='bbox 828 1195 914 1251; x_wconf 86' lang='lat' dir='ltr'><strong><em>quam</em></strong></span> <span class='ocrx_word' id='word_1_53' title='bbox 934 1179 1022 1233; x_wconf 89' lang='lat' dir='ltr'><strong><em>etiam</em></strong></span> 
     </span>
     <span class='ocr_line' id='line_1_10' title="bbox 330 1257 1025 1331; baseline -0.004 -17"><span class='ocrx_word' id='word_1_54' title='bbox 330 1259 367 1315; x_wconf 82' lang='lat' dir='ltr'><strong><em>ob</em></strong></span> <span class='ocrx_word' id='word_1_55' title='bbox 390 1274 510 1314; x_wconf 88' lang='lat' dir='ltr'><strong><em>causam</em></strong></span> <span class='ocrx_word' id='word_1_56' title='bbox 534 1259 620 1314; x_wconf 89' lang='lat' dir='ltr'><strong><em>toties</em></strong></span> <span class='ocrx_word' id='word_1_57' title='bbox 643 1257 828 1331; x_wconf 80' lang='lat' dir='ltr'><strong><em>reprehendit</em></strong></span> <span class='ocrx_word' id='word_1_58' title='bbox 851 1257 971 1313; x_wconf 83' lang='lat' dir='ltr'><strong><em>Scribas</em></strong></span> <span class='ocrx_word' id='word_1_59' title='bbox 996 1266 1025 1311; x_wconf 86' lang='lat' dir='ltr'><strong><em>et</em></strong></span> 
     </span>
     <span class='ocr_line' id='line_1_11' title="bbox 330 1335 1023 1408; baseline -0.004 -15"><span class='ocrx_word' id='word_1_60' title='bbox 330 1337 500 1394; x_wconf 85' lang='lat' dir='ltr'><strong><em>Pharisaeas</em></strong></span> <span class='ocrx_word' id='word_1_61' title='bbox 516 1337 664 1394; x_wconf 84' lang='lat' dir='ltr'><strong><em>Christus.</em></strong></span> <span class='ocrx_word' id='word_1_62' title='bbox 682 1336 742 1392; x_wconf 87' lang='lat' dir='ltr'><strong><em>Sed</em></strong></span> <span class='ocrx_word' id='word_1_63' title='bbox 756 1336 804 1392; x_wconf 85' lang='lat' dir='ltr'><strong><em>hic</em></strong></span> <span class='ocrx_word' id='word_1_64' title='bbox 818 1345 861 1392; x_wconf 87' lang='lat' dir='ltr'><strong><em>est</em></strong></span> <span class='ocrx_word' id='word_1_65' title='bbox 875 1335 1023 1408; x_wconf 82' lang='lat' dir='ltr'><strong><em>betiusjo-</em></strong></span> 
     </span>
     <span class='ocr_line' id='line_1_12' title="bbox 330 1415 1028 1488; baseline -0.006 -15"><span class='ocrx_word' id='word_1_66' title='bbox 330 1433 392 1484; x_wconf 84' lang='lat' dir='ltr'><strong><em>cus,</em></strong></span> <span class='ocrx_word' id='word_1_67' title='bbox 409 1416 485 1488; x_wconf 84' lang='lat' dir='ltr'><strong><em>quod</em></strong></span> <span class='ocrx_word' id='word_1_68' title='bbox 505 1426 535 1470; x_wconf 91' lang='lat' dir='ltr'><strong><em>tu</em></strong></span> <span class='ocrx_word' id='word_1_69' title='bbox 556 1415 732 1471; x_wconf 80' lang='lat' dir='ltr'><strong><em>condemnas</em></strong></span> <span class='ocrx_word' id='word_1_70' title='bbox 758 1415 880 1488; x_wconf 89' lang='lat' dir='ltr'><strong><em>teipsum</em></strong></span> <span class='ocrx_word' id='word_1_71' title='bbox 899 1432 955 1488; x_wconf 90' lang='lat' dir='ltr'><strong><em>per</em></strong></span> <span class='ocrx_word' id='word_1_72' title='bbox 976 1432 1028 1470; x_wconf 75' lang='lat' dir='ltr'><strong><em>se-</em></strong></span> 
     </span>
     <span class='ocr_line' id='line_1_13' title="bbox 329 1493 1023 1568; baseline -0.003 -19"><span class='ocrx_word' id='word_1_73' title='bbox 329 1494 458 1568; x_wconf 80' lang='lat' dir='ltr'><strong><em>quentia,</em></strong></span> <span class='ocrx_word' id='word_1_74' title='bbox 475 1494 589 1568; x_wconf 82' lang='lat' dir='ltr'><strong><em>quando</em></strong></span> <span class='ocrx_word' id='word_1_75' title='bbox 612 1504 642 1548; x_wconf 87' lang='lat' dir='ltr'><strong><em>tu</em></strong></span> <span class='ocrx_word' id='word_1_76' title='bbox 664 1493 738 1549; x_wconf 89' lang='lat' dir='ltr'><strong><em>dicis</em></strong></span> <span class='ocrx_word' id='word_1_77' title='bbox 759 1495 834 1567; x_wconf 85' lang='lat' dir='ltr'><strong><em>quod</em></strong></span> <span class='ocrx_word' id='word_1_78' title='bbox 849 1493 965 1549; x_wconf 86' lang='lat' dir='ltr'><strong><em>Esdras</em></strong></span> <span class='ocrx_word' id='word_1_79' title='bbox 979 1493 1023 1547; x_wconf 90' lang='lat' dir='ltr'><strong><em>in-</em></strong></span> 
     </span>
     <span class='ocr_line' id='line_1_14' title="bbox 331 1572 1023 1647; baseline 0 -20"><span class='ocrx_word' id='word_1_80' title='bbox 331 1572 548 1647; x_wconf 86' lang='lat' dir='ltr'><strong><em>terpretabatur</em></strong></span> <span class='ocrx_word' id='word_1_81' title='bbox 571 1572 769 1646; x_wconf 85' lang='lat' dir='ltr'><strong><em>Scripturas:</em></strong></span> <span class='ocrx_word' id='word_1_82' title='bbox 794 1589 860 1626; x_wconf 87' lang='lat' dir='ltr'><strong><em>nam</em></strong></span> <span class='ocrx_word' id='word_1_83' title='bbox 884 1572 945 1646; x_wconf 88' lang='lat' dir='ltr'><strong><em>ipse</em></strong></span> <span class='ocrx_word' id='word_1_84' title='bbox 969 1589 1023 1627; x_wconf 93' lang='lat' dir='ltr'><strong><em>non</em></strong></span> 
     </span>
     <span class='ocr_line' id='line_1_15' title="bbox 325 1649 1023 1725; baseline 0 -20"><span class='ocrx_word' id='word_1_85' title='bbox 325 1651 392 1725; x_wconf 82' lang='lat' dir='ltr'><strong><em>fuit</em></strong></span> <span class='ocrx_word' id='word_1_86' title='bbox 401 1666 530 1706; x_wconf 88' lang='lat' dir='ltr'><strong><em>summus</em></strong></span> <span class='ocrx_word' id='word_1_87' title='bbox 540 1651 692 1713; x_wconf 86' lang='lat' dir='ltr'><strong><em>Sacerdos,</em></strong></span> <span class='ocrx_word' id='word_1_88' title='bbox 701 1649 778 1705; x_wconf 88' lang='lat' dir='ltr'><strong><em>etita</em></strong></span> <span class='ocrx_word' id='word_1_89' title='bbox 789 1660 819 1704; x_wconf 97' lang='lat' dir='ltr'><strong><em>tu</em></strong></span> <span class='ocrx_word' id='word_1_90' title='bbox 828 1660 923 1706; x_wconf 83' lang='lat' dir='ltr'><strong><em>vastas</em></strong></span> <span class='ocrx_word' id='word_1_91' title='bbox 933 1659 1023 1709; x_wconf 90' lang='lat' dir='ltr'><strong><em>totam</em></strong></span> 
     </span>
     <span class='ocr_line' id='line_1_16' title="bbox 332 1729 1025 1804; baseline 0 -19"><span class='ocrx_word' id='word_1_92' title='bbox 332 1741 413 1785; x_wconf 89' lang='lat' dir='ltr'><strong><em>tuam</em></strong></span> <span class='ocrx_word' id='word_1_93' title='bbox 434 1729 668 1785; x_wconf 83' lang='lat' dir='ltr'><strong><em>similitudinem.</em></strong></span> <span class='ocrx_word' id='word_1_94' title='bbox 692 1729 753 1785; x_wconf 89' lang='lat' dir='ltr'><strong><em>Sed</em></strong></span> <span class='ocrx_word' id='word_1_95' title='bbox 763 1730 909 1804; x_wconf 77' lang='lat' dir='ltr'><strong><em>fortassis</em></strong></span> <span class='ocrx_word' id='word_1_96' title='bbox 929 1739 958 1784; x_wconf 94' lang='lat' dir='ltr'><strong><em>tu</em></strong></span> <span class='ocrx_word' id='word_1_97' title='bbox 972 1729 1025 1785; x_wconf 85' lang='lat' dir='ltr'><strong><em>hoc</em></strong></span> 
     </span>
     <span class='ocr_line' id='line_1_17' title="bbox 330 1807 1026 1883; baseline -0.003 -19"><span class='ocrx_word' id='word_1_98' title='bbox 330 1808 439 1864; x_wconf 85' lang='lat' dir='ltr'><strong><em>dixisti</em></strong></span> <span class='ocrx_word' id='word_1_99' title='bbox 448 1819 570 1883; x_wconf 91' lang='lat' dir='ltr'><strong><em>propter</em></strong></span> <span class='ocrx_word' id='word_1_100' title='bbox 582 1807 757 1876; x_wconf 87' lang='lat' dir='ltr'><strong><em>Sorbonam,</em></strong></span> <span class='ocrx_word' id='word_1_101' title='bbox 772 1825 837 1881; x_wconf 82' lang='lat' dir='ltr'><strong><em>quae</em></strong></span> <span class='ocrx_word' id='word_1_102' title='bbox 851 1807 919 1863; x_wconf 85' lang='lat' dir='ltr'><strong><em>bene</em></strong></span> <span class='ocrx_word' id='word_1_103' title='bbox 928 1818 1026 1882; x_wconf 88' lang='lat' dir='ltr'><strong><em>potest</em></strong></span> 
     </span>
    </p>
   </div>
   <div class='ocr_carea' id='block_1_3' title="bbox 331 1885 1023 2104">
    <p class='ocr_par' dir='ltr' id='par_1_3' title="bbox 331 1885 1023 2104">
     <span class='ocr_line' id='line_1_18' title="bbox 331 1885 1023 1962; baseline -0.003 -18"><span class='ocrx_word' id='word_1_104' title='bbox 331 1888 502 1960; x_wconf 89' lang='lat' dir='ltr'><strong><em>comparari</em></strong></span> <span class='ocrx_word' id='word_1_105' title='bbox 509 1887 622 1944; x_wconf 86' lang='lat' dir='ltr'><strong><em>Scribis</em></strong></span> <span class='ocrx_word' id='word_1_106' title='bbox 635 1887 685 1961; x_wconf 87' lang='lat' dir='ltr'><strong><em>qui</em></strong></span> <span class='ocrx_word' id='word_1_107' title='bbox 693 1885 841 1962; x_wconf 85' lang='lat' dir='ltr'><strong><em>persecuti</em></strong></span> <span class='ocrx_word' id='word_1_108' title='bbox 849 1896 916 1943; x_wconf 88' lang='lat' dir='ltr'><strong><em>sunt</em></strong></span> <span class='ocrx_word' id='word_1_109' title='bbox 922 1887 1023 1962; x_wconf 79' lang='lat' dir='ltr'><strong><em>filium</em></strong></span> 
     </span>
     <span class='ocr_line' id='line_1_19' title="bbox 331 1965 1021 2041; baseline -0.001 -18"><span class='ocrx_word' id='word_1_110' title='bbox 331 1968 393 2024; x_wconf 87' lang='lat' dir='ltr'><strong><em>Dei</em></strong></span> <span class='ocrx_word' id='word_1_111' title='bbox 404 1987 413 2021; x_wconf 91' lang='lat'><strong><em>.·</em></strong></span> <span class='ocrx_word' id='word_1_112' title='bbox 424 1967 554 2041; x_wconf 86' lang='lat' dir='ltr'><strong><em>primum</em></strong></span> <span class='ocrx_word' id='word_1_113' title='bbox 570 1967 598 2021; x_wconf 89' lang='lat' dir='ltr'><strong><em>in</em></strong></span> <span class='ocrx_word' id='word_1_114' title='bbox 609 1984 737 2040; x_wconf 89' lang='lat' dir='ltr'><strong><em>persona</em></strong></span> <span class='ocrx_word' id='word_1_115' title='bbox 757 1967 830 2040; x_wconf 88' lang='lat' dir='ltr'><strong><em>ejus,</em></strong></span> <span class='ocrx_word' id='word_1_116' title='bbox 846 1965 950 2022; x_wconf 88' lang='lat' dir='ltr'><strong><em>deinde</em></strong></span> <span class='ocrx_word' id='word_1_117' title='bbox 970 1967 1021 2022; x_wconf 85' lang='lat' dir='ltr'><strong><em>ho·</em></strong></span> 
     </span>
     <span class='ocr_line' id='line_1_20' title="bbox 331 2045 658 2104; baseline 0.006 -2"><span class='ocrx_word' id='word_1_118' title='bbox 331 2047 382 2102; x_wconf 88' lang='lat' dir='ltr'><strong><em>die</em></strong></span> <span class='ocrx_word' id='word_1_119' title='bbox 396 2047 425 2102; x_wconf 87' lang='lat' dir='ltr'><strong><em>in</em></strong></span> <span class='ocrx_word' id='word_1_120' title='bbox 439 2046 576 2103; x_wconf 86' lang='lat' dir='ltr'><strong><em>membris</em></strong></span> <span class='ocrx_word' id='word_1_121' title='bbox 587 2045 658 2104; x_wconf 76' lang='lat' dir='ltr'><strong><em>suis</em></strong></span> 
     </span>
    </p>
   </div>
   <div class='ocr_carea' id='block_1_4' title="bbox 329 2358 1025 3057">
    <p class='ocr_par' dir='ltr' id='par_1_4' title="bbox 329 2358 1025 3057">
     <span class='ocr_line' id='line_1_21' title="bbox 374 2358 1024 2432; baseline -0.003 -17"><span class='ocrx_word' id='word_1_122' title='bbox 374 2358 475 2432; x_wconf 79' lang='lat' dir='ltr'><strong><em>Tertio</em></strong></span> <span class='ocrx_word' id='word_1_123' title='bbox 486 2358 530 2413; x_wconf 91' lang='lat' dir='ltr'><strong><em>sic</em></strong></span> <span class='ocrx_word' id='word_1_124' title='bbox 541 2369 769 2432; x_wconf 79' lang='lat' dir='ltr'><strong><em>argumentatur</em></strong></span> <span class='ocrx_word' id='word_1_125' title='bbox 780 2358 925 2415; x_wconf 89' lang='lat' dir='ltr'><strong><em>Dominus</em></strong></span> <span class='ocrx_word' id='word_1_126' title='bbox 939 2358 1024 2413; x_wconf 91' lang='lat' dir='ltr'><strong><em>Mon·</em></strong></span> 
     </span>
     <span class='ocr_line' id='line_1_22' title="bbox 333 2436 1023 2512; baseline -0.003 -18"><span class='ocrx_word' id='word_1_127' title='bbox 333 2437 455 2512; x_wconf 80' lang='lat' dir='ltr'><strong><em>tigcna:</em></strong></span> <span class='ocrx_word' id='word_1_128' title='bbox 471 2437 578 2493; x_wconf 89' lang='lat' dir='ltr'><strong><em>Petrus</em></strong></span> <span class='ocrx_word' id='word_1_129' title='bbox 590 2437 676 2508; x_wconf 61' lang='lat' dir='ltr'><strong><em>(Act,</em></strong></span> <span class='ocrx_word' id='word_1_130' title='bbox 697 2437 749 2508; x_wconf 73' lang='lat'>15),</span> <span class='ocrx_word' id='word_1_131' title='bbox 767 2437 975 2510; x_wconf 87' lang='lat' dir='ltr'><strong><em>interpretatur</em></strong></span> <span class='ocrx_word' id='word_1_132' title='bbox 980 2436 1023 2512; x_wconf 84' lang='lat' dir='ltr'><em>fi</em></span> 
     </span>
     <span class='ocr_line' id='line_1_23' title="bbox 332 2515 1025 2592; baseline -0.001 -22"><span class='ocrx_word' id='word_1_133' title='bbox 332 2531 428 2592; x_wconf 82' lang='lat' dir='ltr'><strong><em>guras</em></strong></span> <span class='ocrx_word' id='word_1_134' title='bbox 449 2515 566 2572; x_wconf 88' lang='lat' dir='ltr'><strong><em>Veteris</em></strong></span> <span class='ocrx_word' id='word_1_135' title='bbox 591 2515 777 2582; x_wconf 88' lang='lat' dir='ltr'><strong><em>Testamenti,</em></strong></span> <span class='ocrx_word' id='word_1_136' title='bbox 802 2532 877 2590; x_wconf 82' lang='lat' dir='ltr'><strong><em>crgo</em></strong></span> <span class='ocrx_word' id='word_1_137' title='bbox 896 2516 1025 2588; x_wconf 87' lang='lat' dir='ltr'><strong><em>pertinet</em></strong></span> 
     </span>
     <span class='ocr_line' id='line_1_24' title="bbox 333 2593 1025 2668; baseline -0.003 -18"><span class='ocrx_word' id='word_1_138' title='bbox 333 2594 373 2650; x_wconf 91' lang='lat' dir='ltr'><strong><em>ad</em></strong></span> <span class='ocrx_word' id='word_1_139' title='bbox 385 2593 547 2666; x_wconf 77' lang='lat' dir='ltr'><strong><em>Prasidem</em></strong></span> <span class='ocrx_word' id='word_1_140' title='bbox 561 2596 726 2651; x_wconf 91' lang='lat' dir='ltr'><strong><em>Romanum</em></strong></span> <span class='ocrx_word' id='word_1_141' title='bbox 742 2595 929 2668; x_wconf 86' lang='lat' dir='ltr'><strong><em>interpretari</em></strong></span> <span class='ocrx_word' id='word_1_142' title='bbox 940 2593 1025 2650; x_wconf 87' lang='lat' dir='ltr'><strong><em>Scri-</em></strong></span> 
     </span>
     <span class='ocr_line' id='line_1_25' title="bbox 329 2672 1025 2749; baseline 0.001 -22"><span class='ocrx_word' id='word_1_143' title='bbox 329 2682 444 2749; x_wconf 89' lang='lat' dir='ltr'><strong><em>pturas.</em></strong></span> <span class='ocrx_word' id='word_1_144' title='bbox 460 2672 642 2746; x_wconf 87' lang='lat' dir='ltr'><strong><em>Respondent</em></strong></span> <span class='ocrx_word' id='word_1_145' title='bbox 656 2673 706 2728; x_wconf 91' lang='lat' dir='ltr'><strong><em>isti</em></strong></span> <span class='ocrx_word' id='word_1_146' title='bbox 718 2673 792 2746; x_wconf 85' lang='lat' dir='ltr'><strong><em>quod</em></strong></span> <span class='ocrx_word' id='word_1_147' title='bbox 805 2682 913 2748; x_wconf 81' lang='lat' dir='ltr'><strong><em>negant</em></strong></span> <span class='ocrx_word' id='word_1_148' title='bbox 926 2689 1025 2728; x_wconf 91' lang='lat' dir='ltr'><strong><em>conse·</em></strong></span> 
     </span>
     <span class='ocr_line' id='line_1_26' title="bbox 334 2751 1025 2828; baseline 0 -21"><span class='ocrx_word' id='word_1_149' title='bbox 334 2752 490 2827; x_wconf 83' lang='lat' dir='ltr'><strong><em>quentiam,</em></strong></span> <span class='ocrx_word' id='word_1_150' title='bbox 506 2752 581 2808; x_wconf 91' lang='lat' dir='ltr'><strong><em>sicut</em></strong></span> <span class='ocrx_word' id='word_1_151' title='bbox 597 2761 626 2806; x_wconf 90' lang='lat' dir='ltr'><strong><em>tu</em></strong></span> <span class='ocrx_word' id='word_1_152' title='bbox 638 2752 713 2808; x_wconf 87' lang='lat' dir='ltr'><strong><em>soies</em></strong></span> <span class='ocrx_word' id='word_1_153' title='bbox 728 2768 838 2828; x_wconf 80' lang='lat' dir='ltr'><strong><em>negare</em></strong></span> <span class='ocrx_word' id='word_1_154' title='bbox 856 2761 907 2806; x_wconf 88' lang='lat' dir='ltr'><strong><em>tua</em></strong></span> <span class='ocrx_word' id='word_1_155' title='bbox 928 2751 1025 2807; x_wconf 81' lang='lat' dir='ltr'><strong><em>debita</em></strong></span> 
     </span>
     <span class='ocr_line' id='line_1_27' title="bbox 333 2829 1023 2904; baseline -0.003 -17"><span class='ocrx_word' id='word_1_156' title='bbox 333 2829 527 2887; x_wconf 84' lang='lat' dir='ltr'><strong><em>creditoribus</em></strong></span> <span class='ocrx_word' id='word_1_157' title='bbox 541 2830 609 2899; x_wconf 84' lang='lat' dir='ltr'><strong><em>tuis,</em></strong></span> <span class='ocrx_word' id='word_1_158' title='bbox 631 2839 660 2885; x_wconf 88' lang='lat' dir='ltr'><strong><em>et</em></strong></span> <span class='ocrx_word' id='word_1_159' title='bbox 678 2830 853 2904; x_wconf 85' lang='lat' dir='ltr'><strong><em>quictantias</em></strong></span> <span class='ocrx_word' id='word_1_160' title='bbox 873 2830 931 2885; x_wconf 92' lang='lat' dir='ltr'><strong><em>tuis</em></strong></span> <span class='ocrx_word' id='word_1_161' title='bbox 945 2830 1023 2885; x_wconf 85' lang='lat' dir='ltr'><strong><em>debi-</em></strong></span> 
     </span>
     <span class='ocr_line' id='line_1_28' title="bbox 336 2908 1025 2983; baseline 0 -19"><span class='ocrx_word' id='word_1_162' title='bbox 336 2909 576 2967; x_wconf 86' lang='lat' dir='ltr'><strong><em>toribus.Dicunt</em></strong></span> <span class='ocrx_word' id='word_1_163' title='bbox 586 2908 674 2963; x_wconf 89' lang='lat' dir='ltr'><strong><em>etiam</em></strong></span> <span class='ocrx_word' id='word_1_164' title='bbox 688 2910 763 2983; x_wconf 81' lang='lat' dir='ltr'><strong><em>quod</em></strong></span> <span class='ocrx_word' id='word_1_165' title='bbox 774 2909 802 2965; x_wconf 86' lang='lat' dir='ltr'><strong><em>si</em></strong></span> <span class='ocrx_word' id='word_1_166' title='bbox 812 2911 881 2964; x_wconf 86' lang='lat' dir='ltr'><strong><em>Rex</em></strong></span> <span class='ocrx_word' id='word_1_167' title='bbox 888 2911 918 2963; x_wconf 93' lang='lat' dir='ltr'><em>F</em></span> <span class='ocrx_word' id='word_1_168' title='bbox 917 2910 1025 2964; x_wconf 87' lang='lat' dir='ltr'><strong><em>rancioe</em></strong></span> 
     </span>
     <span class='ocr_line' id='line_1_29' title="bbox 336 2987 1025 3057; baseline -0.001 -13"><span class='ocrx_word' id='word_1_169' title='bbox 336 2989 447 3044; x_wconf 80' lang='lat' dir='ltr'><strong><em>leuaret</em></strong></span> <span class='ocrx_word' id='word_1_170' title='bbox 474 3005 560 3044; x_wconf 91' lang='lat' dir='ltr'><strong><em>unam</em></strong></span> <span class='ocrx_word' id='word_1_171' title='bbox 587 2989 693 3043; x_wconf 78' lang='lat' dir='ltr'><strong><em>taleam</em></strong></span> <span class='ocrx_word' id='word_1_172' title='bbox 719 2988 754 3043; x_wconf 91' lang='lat' dir='ltr'><strong><em>de</em></strong></span> <span class='ocrx_word' id='word_1_173' title='bbox 774 2989 880 3057; x_wconf 81' lang='lat' dir='ltr'><strong><em>stultis,</em></strong></span> <span class='ocrx_word' id='word_1_174' title='bbox 901 2998 931 3043; x_wconf 90' lang='lat' dir='ltr'><strong><em>tu</em></strong></span> <span class='ocrx_word' id='word_1_175' title='bbox 956 2987 1025 3044; x_wconf 85' lang='lat' dir='ltr'><strong><em>bene</em></strong></span> 
     </span>
    </p>
   </div>
   <div class='ocr_carea' id='block_1_5' title="bbox 0 0 1358 3800">
    <p class='ocr_par' dir='ltr' id='par_1_5' title="bbox 0 0 1358 3800">
     <span class='ocr_line' id='line_1_30' title="bbox 0 0 1358 3800; baseline 0 0"><span class='ocrx_word' id='word_1_176' title='bbox 0 0 1358 3800; x_wconf 95' lang='lat' dir='ltr'><strong><em> </em></strong></span> 
     </span>
    </p>
   </div>
  </div>
 </body>
</html>
