2700 3800
514 524 550 561 ne
571 507 735 562 Pnssnvnur
933 506 968 577 59

266 629 412 700 Picarde‚
434 629 461 686 si
482 639 513 686 tu
534 645 612 685 esses
632 628 688 698 hic,
711 638 742 683 tu
768 626 970 683 benediceres

269 712 373 767 Mater
392 710 450 781 dei,
472 719 501 765 et
512 709 602 784 pueri
624 708 736 764 berete
751 706 927 763 irriderent:
942 716 971 762 et

266 800 399 865 propter
413 789 507 862 uelum
522 798 630 845 sanctce
643 787 755 845 Matris
769 797 877 843 nostroe
890 803 969 861 prce-

269 869 383 939 libatae,
407 869 448 923 ita
469 878 538 925 sunt
556 877 701 924 commota
719 866 831 923 uiscera
845 882 919 936 mea,
937 875 969 921 ut

270 948 370 1023 (salua
381 947 612 1005 Nunc-Abbatia
624 946 733 1015 vestra)
742 948 874 1023 egosere
881 947 968 1021 sace-

270 1046 338 1085 rem
355 1037 446 1084 totum
460 1028 488 1083 in
502 1027 611 1102 caligis
623 1026 704 1084 meis.
784 1050 787 1058 ·

309 1108 337 1165 Ο
352 1108 468 1183 pietas!
487 1108 557 1185 Ego
578 1106 639 1164 vidi
654 1104 845 1182 praelibatum
866 1105 967 1162 Calui·

268 1205 351 1257 num,
374 1186 425 1262 qui
445 1196 489 1243 est
509 1203 582 1245 unns
603 1195 703 1243 macer
721 1186 815 1257 ltomo,
839 1184 966 1261 quadra-

269 1267 361 1343 ginta
373 1266 462 1323 trium
477 1283 619 1323 annorum
634 1266 744 1322 circum
762 1265 859 1321 circa:
878 1282 967 1339 neque

266 1362 383 1420 paruus
395 1363 484 1421 neque
497 1363 631 1422 magnus,
647 1343 700 1403 sed
713 1344 788 1401 inter
797 1343 879 1404 duos.
890 1345 966 1400 Bre-

269 1425 359 1494 viter,
375 1425 403 1483 si
417 1436 447 1481 tu
458 1425 573 1483 uideres
584 1442 658 1495 eum,
675 1434 706 1480 tu
716 1442 771 1481 non
781 1424 868 1480 dares
878 1441 965 1481 unum

273 1514 423 1560 turonum.
439 1503 500 1563 Sed
513 1513 618 1575 tamen,
636 1512 668 1560 ut
685 1502 782 1560 dicam
801 1502 961 1576 ueritatem,

269 1584 336 1658 ipse
343 1583 425 1658 secit
437 1583 595 1653 mirabilia,
611 1592 639 1638 et
651 1582 721 1639 bene
735 1581 862 1658 loquitur
877 1583 965 1639 aliter

269 1679 362 1738 quam
374 1680 481 1733 omnes,
495 1680 567 1738 quos
578 1679 634 1739 ego
645 1662 795 1721 uideram.-
809 1663 851 1718 ita
863 1673 895 1718 ut
908 1679 964 1739 ego

268 1742 400 1813 credam,
417 1742 494 1818 quod
506 1743 533 1800 si
545 1742 637 1801 semel
653 1742 709 1799 iret
724 1742 802 1814 illuc,
821 1742 883 1820 ipse
896 1760 963 1800 con·

266 2027 381 2074 Histoire
389 2027 422 2073 du
434 2028 531 2088 Collige
545 2028 577 2074 de
588 2029 714 2075 Navorre:
731 2029 811 2074 Visum
822 2034 857 2075 est
867 2029 963 2074 cuidam
998 2010 1009 2025 ⁶

266 2101 390 2147 anonymo
401 2091 473 2136 uerbo
486 2091 639 2146 interserere,
652 2091 741 2148 quibus
753 2092 850 2149 oblique
861 2093 962 2136 celeber·

267 2152 326 2211 rimi
338 2152 389 2197 uiri
406 2165 454 2196 non
465 2157 523 2198 ante
533 2153 620 2199 multos
630 2153 673 2198 bos
689 2154 743 2199 dies
757 2153 854 2199 uiuendi
865 2165 963 2199 munere

265 2213 383 2270 defuncti
400 2215 514 2259 memoria
531 2215 617 2260 colliso
632 2214 713 2260 rideri
727 2221 817 2274 posset,
830 2216 896 2273 quod
910 2217 961 2261 sci-

267 2276 325 2320 licet
333 2276 496 2332 pantomimus
516 2276 561 2321 iste
575 2277 661 2321 nebulo
671 2282 694 2321 et
710 2279 782 2323 uerba
795 2283 818 2321 et
829 2284 910 2336 gestus
922 2279 961 2323 ui-

267 2337 346 2382 uentis
362 2336 484 2396 effngeret
502 2337 536 2382 ad
557 2339 621 2382 bunc
636 2352 698 2395 pene
714 2341 826 2385 modum:
839 2342 860 2384 0
879 2341 961 2385 Sancta

266 2398 350 2456 Maria,
369 2413 384 2444 ο
400 2401 474 2445 Mater
494 2399 545 2457 Dei,
559 2414 574 2445 o
592 2401 650 2445 bona
669 2401 775 2461 Domina,
790 2402 894 2458 defende
910 2416 960 2458 nos,

265 2461 366 2506 uindico
380 2473 430 2516 nos,
446 2461 569 2507 intercede
585 2473 633 2519 pro
645 2464 721 2517 nobis,
734 2460 820 2526 'contra
834 2465 907 2521 liujus
920 2466 960 2509 ri-

266 2522 346 2567 diculi
355 2523 444 2581 capitis
454 2524 637 2568 scurrilitatem.
650 2525 668 2568 Il
681 2525 730 2570 finit
741 2538 783 2570 son
793 2527 863 2582 Eloge
871 2537 913 2583 par
923 2539 960 2571 ces

266 2591 335 2639 mots,
354 2587 473 2641 rapportis
491 2599 534 2642 par
546 2587 566 2630 le
583 2587 656 2629 mime
673 2585 769 2643 Launoi,
787 2599 844 2643 page
861 2586 959 2632 30521n

265 2645 478 2703 pseudographum
494 2647 614 2703 quendam
625 2659 771 2704 anonymum
786 2651 840 2692 sola
856 2651 961 2696 nominis

266 2707 417 2752 obscuritate
428 2709 542 2764 nobilem,
559 2709 633 2766 inque
643 2710 779 2754 barbaricis
789 2711 841 2755 suis
849 2713 960 2758 sordibus

265 2769 322 2825 plus
337 2769 399 2814 sotis
413 2770 588 2826 lasciuientem,
603 2771 649 2827 qui
664 2773 765 2816 mentito
779 2774 874 2817 nomine
888 2775 960 2819 Sacri

269 2830 412 2889 Tltealogiei
433 2831 459 2876 in
483 2833 621 2878 uniuersum
636 2833 755 2879 Sodalitii
772 2834 960 2891 appellationem

267 2893 424 2949 usurpauit...

293 2954 324 3010 (3)
334 2955 371 2999 Un
379 2955 456 3000 denier
468 2956 594 3012 Tournot's,
604 2957 707 3002 moindre
714 2969 758 3014 que
768 2957 898 3015 teParisis,
905 2960 960 3005 dont

265 3017 339 3061 douze
351 3029 379 3062 en
388 3017 437 3062 sont
448 3017 529 3074 quinze
539 3018 578 3063 des
590 3025 673 3065 autres.
