2700 3800
555 522 599 566 ,mr
618 505 784 562 Passnvnur
969 507 1019 579 ¹73

331 644 420 699 super
435 627 513 682 hanc
528 629 654 697 Petram,
670 638 699 684 et
713 629 755 684 ita
769 639 812 684 est
827 628 856 683 in
865 620 975 702 sunda,
991 638 1022 684 tu

331 707 551 782 argumentaris
568 724 588 761 a
602 708 692 763 Petro
706 708 745 761 ad
759 707 883 782 Papam,
902 707 933 762 ia
946 717 991 763 est
1003 724 1022 762 a

331 802 415 841 seruo
433 785 556 841 Domini
570 786 610 841 ad
629 785 841 842 Antichristum
861 804 870 839 :
891 795 922 841 et
935 787 1022 860 ponis

332 882 397 919 enm
413 874 473 920 tam
489 864 549 920 alte
562 865 637 939 quod
653 865 682 920 si
698 864 823 934 caderet,
844 864 919 922 sicut
937 864 1022 921 cadet

333 942 466 1012 breuiter,
497 960 552 999 non
575 953 676 1019 posset
699 960 801 999 errare
819 943 858 999 ad
871 945 1023 1020 frangere

330 1021 388 1077 sibi
401 1022 517 1078 collum.
537 1022 597 1080 Sed
616 1032 647 1077 tu
668 1023 721 1079 lun
733 1024 849 1098 fecisti,
869 1024 939 1098 qnia
959 1040 1022 1079 mo·

332 1100 440 1157 dernus
457 1102 541 1175 Papa
558 1111 676 1158 vocatur
698 1103 741 1158 De
767 1103 880 1173 Monte,
905 1104 1022 1178 quanvis

332 1180 432 1235 dicant
446 1181 521 1255 quod
539 1180 601 1256 ipse
616 1199 671 1238 non
690 1191 774 1237 curat
793 1182 917 1237 multum
933 1182 969 1238 de
983 1192 1019 1237 te.

333 1258 418 1315 Etsi
436 1269 466 1314 tu
481 1258 626 1329 voluisses,
649 1269 680 1316 tu
698 1259 847 1317 habuisses
865 1261 912 1317 nic
930 1260 1022 1316 mira·

334 1338 407 1394 biles
432 1338 606 1414 allegorias,
638 1349 667 1394 et
703 1339 884 1411 confudisses
923 1356 1021 1395 omnes

332 1416 485 1473 haereticos
493 1434 558 1472 cum
570 1417 625 1474 isto
635 1417 766 1473 mirabili
772 1434 855 1474 uersu
863 1417 1021 1475 Psalterii:

334 1495 431 1553 Mirus
441 1495 494 1551 Dei
509 1513 595 1552 mons
610 1496 749 1570 pinguis:
765 1510 799 1552 ut
813 1496 885 1570 quid
894 1496 1023 1570 suspica-

333 1573 410 1631 mini
425 1587 540 1631 montes
550 1575 737 1648 coagulatos?
747 1576 845 1651 dequo
852 1593 909 1651 ego
922 1576 1023 1633 audiri

332 1652 410 1729 quod
428 1670 501 1710 nnus
521 1664 618 1710 certus
635 1655 731 1710 Italus
744 1655 822 1729 secit
842 1651 1020 1710 mirabilia:

332 1749 407 1808 ergo
423 1743 453 1787 tu
467 1733 544 1789 male
559 1733 706 1789 concludis
722 1734 762 1788 ad
769 1734 966 1808 propositum.›
979 1736 1022 1791 Et

331 1812 454 1886 ipsemet
464 1812 608 1881 Clemensy
623 1828 707 1885 quem
718 1812 848 1868 nesciunt
856 1813 1017 1888 quisuerit‚

332 1902 395 1947 tam
423 1889 582 1946 benedicit
607 1909 631 1947 c.
659 1891 807 1951 Relatum.
835 1890 890 1951 38.
920 1890 1018 1948 distin.

331 1970 447 2045 quando
460 1970 619 2044 dicitquod
633 1987 673 2026 ex
689 1972 759 2045 ipsis
778 1970 939 2046 scripturis
954 1989 1020 2028 sen-

331 2065 398 2106 sum
416 2049 548 2106 ueritatis
567 2067 671 2123 capere
685 2059 806 2124 oportet,
824 2051 881 2106 nisi
893 2061 923 2105 tu
935 2051 1020 2125 prius

327 2128 592 2205 probaverisquod
604 2140 705 2204 pectus
722 2131 815 2203 Papae
828 2140 858 2186 et
875 2131 1018 2186 sociorum

331 2208 396 2281 ejus
404 2208 728 2283 sitSanctaScriptura.
738 2210 799 2264 Pro
809 2227 864 2284 quo
867 2208 1019 2283 probando

333 2298 364 2343 tu
379 2286 467 2344 habes
482 2304 569 2342 unum
589 2305 729 2362 magnum
748 2297 964 2363 argumentum,
989 2287 1018 2342 in

333 2385 367 2424 eo
390 2366 466 2441 quod
486 2366 599 2440 quando
620 2368 705 2441 Papa
731 2367 866 2423 Clemens
888 2376 1019 2423 mortuus

332 2456 385 2517 est,
402 2446 515 2502 dicebat
534 2446 609 2521 quod
630 2446 749 2502 haberet
768 2446 848 2502 brevi
865 2445 1019 2501 resolutio-

307 2553 311 2559 ·
331 2543 397 2582 nem
412 2525 496 2580 unius
510 2525 673 2598 quaestionis
694 2543 781 2600 quam
803 2542 948 2599 nunquam
962 2543 1018 2599 po·

332 2613 431 2662 tuerat
457 2604 630 2660 resoluere:
658 2605 766 2660 Utrum
793 2604 900 2659 animae
924 2617 1019 2659 essent

329 2682 524 2740 immortales.
536 2684 579 2739 Et
592 2683 662 2758 quid
675 2683 762 2740 uultis
774 2683 907 2758 amplius,
925 2683 1018 2738 male-

359 2891 388 2950 (rl
403 2895 458 2939 Tire
468 2895 583 2950 peut-etse
597 2893 624 2937 de
640 2894 724 2937 certain
742 2882 916 2937 Commentaire
927 2905 969 2937 sur
986 2894 1018 2937 les

332 2958 437 3002 Anticles
451 2956 493 3000 des
506 2955 621 2999 Docleurs
630 2956 660 3000 da
668 2955 748 3009 Paris,
766 2955 809 2999 cite
820 2968 860 3012 par
873 2955 953 2999 Baleus
962 2955 1018 2999 dans

328 3021 353 3064 ln
365 3019 435 3064 viede
444 3017 545 3063 clament
556 3016 608 3064 vll.

878 3113 910 3156 15.
