2700 3800
563 529 601 572 us
620 513 787 570 Passavaur
973 533 1023 590 ¹29

345 634 471 709 tempium
498 634 575 704 Dei,
601 644 632 691 et
662 636 776 711 quondo
802 635 938 712 dispositi
958 647 1025 694 sunt

344 713 448 769 ordines
463 713 638 772 Lenitarum
653 715 683 770 in
702 716 833 792 Templo,
848 725 877 772 et
888 717 1000 774 similia
1014 737 1023 772 :

342 790 466 848 istasunt
473 793 564 867 sacta
572 811 630 869 per
640 803 819 870 praeceptum
834 796 900 862 Dei,
917 797 968 870 qui
978 813 1024 852 uo-

342 870 474 928 iuitsicut
483 882 606 948 poterat
624 873 666 929 ita
682 874 834 950 disponere
853 876 948 952 Iegem
966 877 1023 934 Ce-

341 952 535 1009 rcmom'aiem.
551 953 594 1009 Et
608 952 685 1008 idem
699 954 882 1012 statuendum
896 955 933 1011 de
945 955 1021 1012 aiiis.

339 1030 412 1088 Sicut
436 1040 546 1106 postea
573 1031 724 1097 Christus,
753 1043 781 1088 et
804 1035 939 1108 Apostoli
957 1044 1025 1110 post

339 1125 404 1179 eum,
423 1109 617 1168 abuterentur
635 1110 730 1186 tegern
753 1113 979 1172 Circuncisionis
998 1124 1026 1170 et

337 1189 490 1266 Sacrifiaeii,
507 1189 578 1264 quia
592 1200 676 1248 erant
691 1192 776 1248 missi
788 1193 827 1249 ad
839 1194 901 1250 hoc.
919 1194 1027 1251 Probet

338 1267 426 1344 igitur
439 1269 529 1344 Papa
544 1285 627 1326 suam
645 1270 877 1329 commissionem
892 1291 946 1329 non
962 1282 1025 1330 tan-

337 1356 389 1404 tum
403 1347 538 1404 addendi
547 1357 575 1404 et
583 1349 742 1412 minuendi,
753 1352 805 1407 sed
814 1361 843 1407 et
851 1352 1022 1428 abrogandi,

334 1427 476 1496 cassandi,
500 1437 531 1484 et
548 1427 766 1498 annicbiiiandi,
781 1439 810 1485 et
827 1430 949 1507 denique
963 1431 1024 1487 dis-

333 1506 473 1580 pensandi
491 1506 529 1564 da
543 1506 735 1582 benefacere,
752 1520 780 1565 et
796 1519 863 1567 tune
876 1511 1024 1568 credemus

335 1585 365 1641 ei.
376 1587 465 1644 Nam
480 1587 558 1660 quod
569 1597 599 1643 tu
609 1587 756 1662 testandas
766 1605 854 1665 super
862 1590 915 1646 boc
926 1589 1004 1646 dicto
1015 1609 1024 1644 .·

335 1664 444 1722 Omnia
464 1681 654 1739 quaecunque
672 1665 789 1739 dicunt,
809 1667 895 1726 facite
917 1684 924 1724 :
950 1678 979 1724 tu
994 1685 1024 1725 es

335 1744 531 1812 unusmuius,
552 1745 602 1818 qui
625 1745 694 1801 bene
717 1747 840 1804 meritus
862 1765 892 1804 es
910 1758 1022 1805 centum

335 1823 407 1880 ictus
416 1823 552 1902 flagelli.
566 1824 647 1880 Nam
661 1824 690 1880 si
705 1825 758 1881 boc
776 1835 807 1882 tu
819 1827 862 1884 uis
878 1844 940 1884 esse
951 1827 1024 1883 odeo

334 1904 507 1972 uniuersale,
523 1914 555 1961 ut
563 1914 721 1980 propterea
736 1906 852 1963 licuerit
861 1908 904 1965 eis
917 1908 1025 1965 addere

333 1983 376 2039 nei
389 1983 565 2054 diminuere,
583 2001 637 2041 eur
652 2001 728 2060 ergo
748 1986 885 2044 Christus
902 1987 963 2043 bec
977 2004 1023 2043 re·

334 2061 466 2140 darguit,
482 2072 513 2119 et
527 2062 648 2138 ipsemet
661 2063 751 2120 noluit
763 2082 881 2122 serrare
895 2066 1022 2142 ipsorum

334 2140 523 2209 cererttonias,
537 2141 587 2216 qui
600 2151 696 2198 tamen
712 2143 741 2198 in
755 2145 885 2201 omnibus
896 2145 1025 2220 implevit

334 2221 472 2299 Legem?
493 2220 577 2277 Unde
585 2230 670 2295 potet
688 2222 763 2297 quod
783 2224 836 2280 hoe
852 2234 897 2281 est
916 2224 1024 2281 inteili-

331 2299 474 2376 gendum,
487 2309 626 2375 quatenus
633 2302 843 2377 praecipiebant
855 2313 884 2359 et
898 2320 1023 2378 expone-

333 2378 403 2435 bant
417 2378 450 2435 id
460 2378 538 2455 quod
555 2378 639 2437 Deus
652 2382 826 2455 requirebat,
842 2392 872 2439 et
881 2384 1025 2458 ponebant

331 2476 368 2515 ea
394 2474 462 2533 quae
487 2458 570 2515 saiva
602 2460 777 2519 conscientia
797 2462 870 2537 fieri
892 2472 1022 2538 possunt.

330 2539 416 2596 Nam
431 2538 570 2595 hactenus
582 2548 627 2597 est
638 2539 827 2598 obediendum
839 2542 891 2605 eis,
909 2542 1025 2598 etiamsi

329 2616 391 2675 sint
403 2616 596 2686 vitiosissimi,
614 2618 684 2692 quia
702 2618 803 2676 sedent
823 2637 911 2696 super
926 2621 1024 2677 cathe-

330 2696 419 2753 dram
439 2695 544 2765 Mosis,
568 2696 599 2753 id
616 2707 660 2754 est
680 2707 747 2754 sunt
767 2698 946 2775 designatio
960 2700 1024 2757 Deo

329 2792 512 2833 successores
525 2775 620 2834 Mosis
633 2776 672 2832 ad
683 2777 887 2853 exponendum
899 2779 1020 2854 Legem.

328 2855 393 2912 Sed
403 2864 501 2912 uester
512 2856 717 2931 Papa'·(dicunt
727 2857 787 2930 isti)
801 2858 851 2933 qui
865 2875 919 2913 non
930 2858 1023 2917 intra·

328 2935 374 2991 uit
386 2950 446 3009 per
459 2935 577 2999 ostium,
591 2952 682 3010 neque
701 2936 787 2997 habet
800 2935 891 2992 ulium
907 2937 1022 2996 tituium

330 3014 517 3071 Universaiis
533 3013 683 3090 Episcopi,
700 3015 758 3071 nisi
770 3031 790 3070 a
808 3015 924 3073 diabolo
939 3018 1023 3089 (sicut
