2700 3800
501 392 537 431 ms
559 376 725 431 Pssssvnns
920 377 953 433 25

262 498 670 574 habereltalicampeladam‚
684 516 774 573 neque
783 508 850 555 actu
860 498 954 572 habet,

261 596 355 652 neque
359 579 500 654 potentia.
517 611 554 621 —
567 578 631 635 Ab!
645 600 659 632 n
674 578 744 634 dixi
754 596 819 655 ego,
839 600 855 633 «
869 597 957 655 quam

262 659 335 716 estis
357 658 494 715 subtilis!
518 658 582 733 quis
606 659 686 714 dixit
708 659 761 715 hoo
782 659 885 715 robis?
908 676 956 716 uos

256 741 396 816 fortasse
416 738 527 795 habetis
545 738 693 794 diabolum
707 740 866 813 priuatum,
883 740 959 796 sicut

262 819 350 893 Papa
371 819 495 888 Paulus,
522 819 572 893 qui
589 819 666 876 robis
690 818 826 875 revelarit
847 820 955 877 omnia.

263 900 335 955 Non
354 914 454 954 sumus
472 912 570 953 omnes
589 898 700 975 angeli.
720 897 780 954 Sed
797 898 897 954 docete
911 917 957 955 me

262 978 293 1034 si
308 976 415 1052 placet,
433 987 465 1032 ut
484 994 539 1052 ego
550 978 662 1052 possim
675 977 803 1050 fortiter
823 978 957 1034 resistere

264 1056 325 1132 ipsi
336 1056 369 1135 in
382 1073 467 1112 suum
487 1058 651 1131 despectum
657 1078 667 1125 ,·
687 1065 717 1111 et
734 1056 761 1112 si
776 1056 883 1131 piacet,
900 1075 957 1133 ego

262 1135 339 1192 dabo
354 1136 434 1192 uobis
453 1132 560 1190 librum
581 1134 621 1191 ad
643 1135 856 1192 somniandum.
874 1167 910 1178 -
923 1135 958 1193 Si

263 1215 377 1272 habetis
392 1214 507 1285 librum,
526 1215 637 1270 »dixit
657 1215 726 1289 ipse,
750 1224 807 1270 «et
825 1216 911 1273 uultis
926 1225 957 1271 ut

263 1300 448 1352 transeamus
468 1304 587 1369 tempus,
615 1312 666 1351 nos
690 1294 850 1352 ridebimus
869 1313 957 1367 unam

263 1374 378 1431 horam.
387 1374 703 1445 -Granas,t)0mine,
717 1395 732 1426 n
744 1374 820 1444 dixi,
835 1395 850 1428 «
862 1386 892 1430 et
901 1393 956 1452 ego

262 1454 339 1511 dabo
348 1454 427 1512 uobis
441 1463 552 1509 tantum
567 1453 643 1527 quod
653 1454 736 1510 eritis
750 1464 907 1512 contentus.
919 1486 956 1497 -

262 1535 344 1604 Non,
367 1551 430 1605 non,
444 1554 459 1587 »
471 1533 552 1589 dixit
561 1534 631 1608 ipse.
644 1554 659 1586 «
669 1535 735 1591 Nos
744 1552 799 1590 non
809 1534 957 1593 vendimus
995 1593 1003 1610 ,

263 1623 366 1670 nostra
388 1613 483 1682 uerba,
512 1612 586 1670 sicut
607 1614 693 1688 Papa
712 1631 778 1670 suas
802 1614 955 1689 indulgen-

264 1694 332 1749 tias.
350 1714 365 1746 n
379 1694 423 1750 Et
434 1708 490 1769 ego
500 1692 561 1747 abii
572 1693 725 1766 quoesitum
737 1711 824 1749 unum
838 1693 952 1765 bibrum,

264 1783 294 1828 et
309 1773 371 1848 ipse
383 1772 519 1847 aperuit:
538 1782 567 1828 et
579 1772 659 1829 dixit
674 1773 703 1842 in
716 1790 831 1829 summa
850 1773 886 1829 de
900 1773 955 1829 tri·

264 1853 317 1911 bus
326 1850 572 1928 praefationibus:

302 1953 318 1986 (ε
345 1933 483 2008 Profecto
509 1942 552 1990 est
579 1931 716 1988 mirabile
741 1931 900 2010 artificium
926 1932 955 1990 in

265 2012 358 2068 tribus
382 2012 447 2069 istis
464 2011 700 2089 prefationibus,
723 2012 799 2086 quod
811 2013 956 2070 Dominus

264 2092 553 2167 Nuper-Prasidens
570 2092 661 2150 voluit
683 2092 752 2148 bene
774 2110 827 2150 nos
847 2091 954 2150 celare.

264 2173 410 2244 Primum,
435 2172 525 2228 uoluit
543 2171 682 2248 detegere
701 2191 785 2229 suam
799 2173 956 2229 stultitiam

264 2255 339 2322 Deo,
364 2251 467 2308 deinde
489 2251 652 2324 hominibus
674 2262 734 2308 tam
751 2252 851 2323 Laicis
869 2269 955 2327 quam
997 2321 999 2325 Α

264 2332 490 2391 Ecclesiasticis.
512 2334 615 2408 Itaque
628 2333 716 2388 etiam
732 2348 803 2408 opus
815 2331 881 2407 fnit
901 2331 956 2387 tri·

266 2413 319 2470 bus
336 2411 570 2489 prefationibus,
595 2422 627 2468 ut
644 2429 675 2470 se
695 2421 740 2467 ter
755 2411 875 2468 stultum
894 2428 956 2468 esse

263 2589 390 2648 parvenir,
400 2589 435 2634 ch.
453 2587 489 2646 80,
500 2587 587 2633 intituli
606 2589 708 2640 FOLIE,
723 2601 737 2632 a
749 2587 796 2644 pris
808 2588 829 2632 le
845 2588 916 2633 Conte
927 2588 955 2632 de

265 2651 350 2696 certain
366 2651 427 2696 Cure
438 2651 466 2695 de
484 2650 632 2708 St·C16ment,
644 2650 684 2708 qui
693 2663 721 2695 en
733 2662 775 2694 son
787 2649 862 2694 Prbne
873 2648 953 2694 disait:

265 2713 310 2758 Les
320 2713 407 2758 Dames
422 2717 542 2757 montrent
560 2713 626 2756 leurs
644 2717 729 2766 tetons,
741 2723 767 2754 ce
786 2711 844 2754 u’est
859 2723 906 2768 pas
921 2711 954 2756 du

266 2779 319 2819 tout
335 2774 389 2818 bien
398 2774 461 2830 fait,
479 2779 502 2818 et
517 2775 575 2831 puis
591 2774 622 2818 ils
638 2773 750 2817 &tendent
764 2773 830 2817 leurs
842 2773 955 2817 cnemises

264 2840 356 2882 autonr
366 2835 400 2880 du
411 2833 551 2890 Cimetr'ire3
559 2847 589 2878 en
601 2835 642 2890 da,
654 2834 683 2879 ni
691 2835 739 2878 moi
749 2834 776 2878 ni
787 2844 834 2880 mes
848 2834 955 2880 Vicaires

266 2909 296 2944 ne
306 2908 404 2944 somnus
410 2908 455 2955 pas
466 2897 552 2958 Anas,
563 2898 615 2943 cela
624 2907 685 2943 nous
696 2900 766 2943 tente.

862 2991 875 3035 3
