2700 3800
564 526 601 563 ors
621 508 786 563 Pnssnvsns
966 527 1018 583 ¹49

279 661 281 666 .
347 630 464 687 montiis.
491 632 534 688 Et
557 629 622 686 ideo
649 630 738 685 etiam
765 647 815 688 vos
837 630 946 688 vocatis
968 649 1018 688 nos

344 709 430 767 stultos
445 719 474 766 el
495 710 641 783 coquinas.
666 710 722 765 Vos
735 719 832 765 autem
846 711 916 766 estis
930 709 1017 766 etiam

339 805 383 861 per
398 798 510 846 vestras
518 787 668 863 practices
684 787 789 844 lucrati
801 805 895 863 regna
913 798 941 844 et
960 789 1017 844 im-

335 868 419 941 peria,
442 876 539 942 elego
563 884 611 922 me
629 868 730 941 resero
749 866 789 922 ad
807 867 967 925 doctrinam
983 868 1019 925 de

276 973 280 1018 2
335 946 528 1022 indulgentiis,
545 944 582 1001 de
601 945 715 1011 Missis,
731 946 768 1002 de
780 946 862 1017 cibis,
883 946 919 1001 de
932 958 1017 1024 pate·

276 1037 281 1048 '
333 1026 443 1090 nostris,
451 1024 628 1092 deobitibus,
637 1025 854 1094 etmortuariis,
862 1027 898 1082 de
901 1043 1017 1102 purga-

276 1129 287 1146 ·
331 1104 410 1175 torio,
420 1104 458 1161 de
468 1103 753 1180 peregrinationibus
768 1114 796 1159 et
803 1105 902 1179 sestis,
920 1106 1014 1172 bullis,

329 1183 412 1250 datis,
429 1183 532 1259 copiis,
543 1183 678 1253 tonsuris,
691 1184 842 1258 dispansis,
859 1194 888 1239 et
901 1193 1015 1240 centum

329 1261 533 1320 millibusaliis
543 1262 707 1319 latrociniis
717 1263 836 1337 :quibus
845 1280 894 1319 vos
908 1264 1017 1338 turpis·

328 1343 394 1400 simi
404 1352 435 1398 et
445 1340 667 1398 diabolicissimi
672 1351 785 1398 uentres
798 1343 944 1400 devoratis
954 1342 1019 1398 ani-

328 1439 390 1479 mas
399 1437 576 1497 pauperum,
593 1428 622 1476 et
634 1420 744 1496 sugitis
757 1438 909 1478 crumenas
930 1421 1017 1478 etiam

327 1502 445 1576 Regma
462 1509 493 1556 el
503 1501 730 1574 Imperatorum.
746 1500 805 1556 Sed
815 1500 892 1556 uenit
906 1510 1018 1575 tempus

327 1597 381 1655 quo
393 1587 494 1636 uestra
507 1578 654 1634 meretrix
663 1578 773 1652 peribit
784 1595 849 1634 cum
864 1580 926 1636 suis
940 1597 1017 1635 mer·

326 1657 483 1727 caloribus,
497 1674 534 1713 ne
546 1657 667 1715 dubites.
683 1658 727 1714 Et
738 1675 801 1713 ecce
813 1667 908 1715 uester
919 1659 1017 1732 Spiri-

328 1746 373 1794 tus
385 1745 515 1805 sanctus,
530 1734 686 1792 secundum
705 1753 789 1810 quem
798 1736 878 1812 fiunt
896 1737 1015 1808 Clerici,

326 1814 457 1890 Acolrti,
473 1814 662 1886 Subdiaeoni,
678 1815 811 1883 Diaconi,
831 1815 1016 1889 Presbyteri,

329 1893 438 1953 Cureti
444 1936 452 1964 ,
492 1892 663 1969 Capeliani,
700 1893 853 1963 Canonici,
879 1894 1015 1962 Priores,

327 1973 482 2050 Episcopi,
508 1973 737 2048 Archiepiscopi,
765 1973 922 2042 Primotes,
956 1974 1017 2030 Pa·

328 2052 475 2120 triorche,
491 2051 674 2121 Cardinales,
686 2052 796 2126 Papae:
812 2052 859 2107 tic
868 2062 911 2108 est
919 2052 1017 2127 Spiri-

329 2138 373 2189 lus
385 2140 515 2198 sanans,
530 2131 581 2206 qut
597 2130 743 2205 gubernat
760 2142 887 2188 uestram
900 2132 1016 2188 hierar·

327 2210 440 2283 citiam,
475 2219 506 2265 et
536 2226 628 2285 nuper
653 2209 829 2286 gubernavit
855 2211 1018 2268 venerabile

353 2393 383 2455 (tl
397 2394 533 2449 Mercator,
549 2393 680 2450 marchand,
696 2406 866 2451 maquereau:
886 2395 946 2440 voilb
960 2397 1018 2445 donc

328 2456 386 2501 enfin
399 2457 424 2501 la
438 2455 503 2501 mie
511 2455 645 2513 etymologis
656 2458 684 2501 de
694 2469 719 2500 ce
732 2463 787 2511 mot,
796 2456 841 2500 l'un
850 2456 890 2500 des
902 2458 952 2513 plus
963 2472 1017 2506 con-

328 2516 450 2563 aureole·
465 2518 494 2563 de
509 2525 575 2562 notre
588 2519 677 2575 langue.
691 2518 757 2561 Nous
772 2519 793 2561 la
806 2519 1018 2568 recommundonst

329 2578 360 2625 ll.
371 2579 500 2637 Littrt,qui
512 2580 533 2623 lo
544 2579 636 2623 charcha
645 2593 673 2625 en
683 2579 799 2624 mindans
812 2581 832 2623 le
845 2579 935 2624 Wallon
949 2596 1016 2628 maca

329 2646 350 2684 at
358 2642 380 2686 le
388 2640 500 2687 Flsmsnd
512 2640 646 2685 makelaar.
657 2641 715 2687 Sans
728 2641 802 2698 parler
813 2642 843 2684 du
853 2654 915 2692 sens,
925 2644 1016 2689 absolu·

330 2701 412 2747 lomeot
422 2701 540 2747 oonlorme
549 2703 626 2746 icens
636 2701 772 2761 etymologie
784 2704 909 2755 (meretrix
921 2707 982 2750 etant
990 2706 1018 2751 de

331 2762 564 2820 hulmelnmilleml
572 2772 607 2808 est
616 2763 678 2808 facile
686 2764 713 2808 de
721 2763 773 2807 vois
781 2773 893 2808 comment
900 2773 1019 2814 mercator

333 2832 363 2869 ut
374 2826 465 2871 deseos
479 2836 631 2883 maquereau,
643 2838 685 2882 par
696 2827 717 2869 la
728 2824 808 2881 simple
821 2825 900 2872 slision
913 2829 942 2873 de
951 2831 987 2881 l'r,
997 2830 1017 2875 si

334 2896 447 2933 moruus
459 2884 518 2931 dans
529 2886 551 2931 la
563 2886 735 2945 prononciation
747 2886 786 2930 des
799 2888 890 2943 peuples
901 2889 932 2934 du
945 2892 1016 2937 Nord.

335 2946 368 2990 Aa
384 2954 451 3003 reste,
468 2960 493 2991 ee
510 2960 605 3005 passage
621 2948 650 2993 du
665 2949 800 2993 Passavanl
817 2957 913 2996 estune
933 2966 1016 3010 preuve

336 3005 485 3055 Misenum.
499 3008 570 3065 (Nolc
580 3009 615 3054 du
631 3007 800 3059 Traducteur.)
