2700 3800
477 547 512 585 ns
532 529 696 585 Pnssevnns
874 526 924 581 163

327 652 494 709 intellectus.
508 652 542 706 In
559 650 701 725 opusculis
719 660 816 705 autem
826 659 925 724 poste·

310 750 362 804 um,
383 731 433 806 qui
452 731 535 787 iibris
556 729 814 785 innumerabilibus
834 731 926 783 conti-

311 829 353 879 nr,
388 811 440 867 sed
478 810 556 865 nulio
598 809 682 864 modo
719 808 926 864 sacratissima·

310 890 457 946 onicarum
488 890 708 962 Scripturarum
746 887 927 943 excelientia

310 980 439 1044 tuantur,
468 968 559 1024 etiam
592 967 620 1022 in
650 966 752 1040 quibus
785 966 927 1022 invenitur

310 1067 341 1105 m
367 1048 491 1113 ueritas,
522 1047 608 1122 longe
631 1056 726 1102 tamen
752 1056 796 1102 est
825 1045 926 1119 dispar

311 1127 411 1184 oritas.
437 1128 541 1200 Itaque
568 1128 596 1180 in
624 1126 666 1181 eis
694 1125 815 1180 liberum
841 1124 926 1179 habet

310 1225 331 1263 r
344 1208 389 1262 vei
402 1206 520 1261 auditor
525 1205 681 1278 judicium,
697 1222 752 1278 qno
764 1203 809 1260 vei
821 1220 926 1278 appro-

311 1284 388 1361 quod
413 1284 572 1359 placuerit,
607 1284 652 1339 rei
680 1283 821 1357 improbet
851 1281 926 1356 quod

311 1365 404 1420 sterit.
430 1363 508 1431 Quia
533 1362 637 1428 dicitis,
662 1363 788 1418 Domine
805 1363 925 1435 Nuper·

311 1443 432 1501 sidens?
464 1444 520 1498 Vos
551 1441 660 1496 auditis
692 1459 777 1497 unam
809 1440 924 1515 glosam

311 1521 625 1590 er-Praesidentiaiem‚
644 1538 699 1595 per
713 1520 789 1594 quod
804 1528 925 1594 apparet

311 1602 316 1655 ἵ
336 1601 476 1657 mentitur
495 1600 688 1673 Augustinus.
715 1600 792 1667 Quia
809 1598 921 1662 dicirit,

311 1680 314 1732 f
337 1689 450 1758 prater
478 1680 661 1753 Scripturam
694 1688 805 1753 oportet
836 1678 924 1732 etiam

311 1778 338 1817 *e
364 1758 526 1815 auctarium
547 1768 655 1814 saneta
673 1759 835 1832 Scriptura
853 1774 923 1831 pre·

311 1838 468 1896 [Ecclesia
476 1836 617 1914 dogmata
631 1838 731 1892 :etita
745 1835 925 1912 imaginatur

311 1937 336 1976 ’a
344 1917 582 1986 Nune-Abbatia,
597 1918 624 1972 in
634 1935 686 1973 suo
695 1917 812 1972 cerebro
820 1916 924 1990 frige·

311 2016 319 2055 t
344 2016 402 2074 per·
424 2012 507 2053 suam
533 1997 667 2067 mitram,
695 1995 770 2071 qnod
791 1998 925 2052 Romana

311 2078 375 2136 esia
388 2077 428 2135 sit
440 2093 510 2133 uera
528 2077 671 2146 Ecctesia,
693 2085 722 2131 et
739 2075 815 2150 quod
838 2075 925 2131 iiceat

312 2157 383 2214 esiae
390 2158 496 2230 facere
505 2171 576 2210 nora
594 2155 781 2230 dogmataad
790 2153 924 2229 supplen-

315 2234 394 2312 quod
405 2235 484 2291 deest
494 2244 601 2290 sanetae
609 2235 781 2308 Scriptura,
795 2250 859 2306 qna
873 2232 924 2288 boc

311 2315 397 2372 oerit
410 2314 581 2388 imperfecta
597 2323 626 2369 et
644 2314 788 2370 mutilata.
803 2314 846 2370 Et
860 2311 924 2367 ideo

311 2412 341 2451 ‘a
348 2395 462 2451 beatum
472 2392 660 2450 Anastasium
671 2410 726 2450 non
733 2392 854 2468 sufficiet
867 2391 913 2448 dis

312 2579 425 2636 Rubeiais,
436 2580 452 2623 1.
465 2577 497 2636 3.,
507 2591 526 2622 c.
536 2590 548 2623 2
558 2591 564 2622 :

318 2677 345 2722 Je
355 2675 466 2734 (disait-il)
478 2689 529 2720 sens
540 2677 561 2719 le
572 2675 625 2721 fond
634 2676 662 2720 de
671 2688 708 2719 ma
717 2676 783 2719 mitre

318 2737 344 2783 si
355 2738 412 2784 froid
421 2739 539 2795 qu'autour
548 2750 584 2782 me
595 2737 699 2782 mortona
712 2738 732 2781 le
743 2749 845 2782 cerveau.

312 2853 421 2907 Cnillette,
440 2853 486 2908 iou,
504 2865 533 2896 au
553 2851 611 2908 sujet
627 2852 709 2907 duquel
725 2865 754 2895 on
768 2857 822 2908 peut
837 2849 886 2895 voir
904 2853 924 2896 le

312 2915 322 2960 i
337 2915 437 2972 chapitre
453 2913 492 2957 des
505 2914 591 2958 Contes
606 2913 633 2957 de
651 2913 806 2958 Bonuventure
821 2914 861 2957 des
880 2915 923 2957 Pt-

316 2984 338 3022 et
356 2979 378 3022 la
394 2983 447 3022 note
458 2975 472 3020 6
485 2988 524 3021 sur
541 2975 611 3019 lech.
631 2975 659 3020 36
671 2975 702 3020 du
720 2974 743 3020 3·
758 2975 815 3020 livre
834 2977 861 3020 de
879 2978 922 3020 Ra-
