2700 3800
561 519 597 557 oo
617 503 783 561 Pnsssvnns
969 508 1020 581 ¹57

334 624 1017 688 abolereomnesEcclesiasticasconsuetudines.

333 704 391 762 Sed
399 704 497 760 clamo
508 704 647 779 usquead
657 707 833 782 crepandum
843 709 871 765 si
885 709 937 774 nis,
952 726 1019 766 nam

333 784 507 859 ltocsalsum
525 794 579 841 est.
598 784 737 841 Volumus
755 787 831 842 enim
853 789 979 844 retinere
992 799 1021 844 ct

332 863 488 920 retinemus
500 881 552 920 eas
564 879 636 938 quas
650 865 779 921 condidit
790 867 926 924 Ecclesia
942 868 1017 936 (Βεί,

330 952 359 1000 et
373 961 440 1019 qnoe
458 942 505 1001 nel
521 942 627 999 habent
642 944 869 1016 fundamentum
890 947 919 1002 in
934 947 1019 1004 Scri-

328 1031 425 1097 ptura,
437 1021 485 1078 rel
496 1039 551 1077 non
558 1033 702 1098 pugnant,
719 1032 749 1079 et
760 1035 827 1080 sunt
838 1026 1017 1096 necessarie,

331 1110 359 1159 et
373 1102 463 1159 utiles
472 1110 595 1177 propter
608 1101 747 1158 ordinem.
765 1102 909 1160 Tollimus
922 1115 1019 1161 antem

331 1197 428 1238 omnes
446 1195 497 1238 eas
512 1196 577 1254 quoe
584 1191 721 1255 pugnant
739 1192 840 1237 contra
854 1183 960 1248 Deum,
976 1182 1018 1241 si·

283 1257 285 1262 ’
331 1269 375 1316 cut
385 1260 462 1335 fere
485 1275 583 1316 omnes
595 1259 754 1336 Papisticoe
775 1260 868 1317 :item
882 1280 947 1337 quae
964 1279 1019 1319 non

331 1349 393 1396 sint
406 1347 470 1395 tam
485 1339 656 1395 necessaria
668 1349 720 1396 aut
733 1339 830 1410 utiles,
855 1351 886 1397 ut
899 1341 1020 1397 debeant

331 1417 453 1475 retineri
464 1436 474 1473 c
485 1417 565 1486 item,
579 1434 645 1492 qua·
657 1418 746 1474 etiam
761 1419 789 1475 si
801 1429 869 1475 sunt
873 1421 969 1493 sacta
980 1419 1019 1475 ad

332 1496 432 1556 loom
461 1495 661 1565 intentionem,
694 1506 790 1553 tamen
822 1509 962 1555 venerunt
989 1498 1018 1554 in

331 1585 441 1633 mlum
463 1574 598 1640 abusum,
623 1576 700 1648 qnod
717 1575 815 1653 magis
834 1594 936 1633 nocere
948 1594 1018 1653 pos·

330 1665 390 1712 sent
402 1670 492 1730 quum
509 1652 656 1727 prodesse.
676 1654 736 1710 Sed
761 1654 790 1710 in
812 1655 946 1710 doctrina
963 1671 1018 1711 non

330 1734 465 1792 audimus
478 1732 570 1788 aliam
587 1749 684 1788 uocem
698 1750 784 1808 quam
798 1734 896 1809 sponsi
915 1734 1017 1804 nostri,

330 1824 356 1872 et
367 1812 521 1888 tdstgimus
531 1810 571 1866 ad
583 1811 658 1867 hunc
671 1812 797 1887 lapidem
803 1812 910 1886 judicii
921 1813 1018 1869 omnia

330 1893 438 1971 scripta
461 1902 490 1947 et
514 1890 602 1966 sacta
625 1890 785 1963 hominum,
813 1902 846 1948 ut
871 1902 1019 1950 teneamus

330 1972 402 2049 quod
417 1971 521 2029 bonum
540 1980 592 2027 est.

363 2050 447 2111 Vade
468 2066 554 2118 nnnc,
581 2058 609 2105 et
630 2049 727 2106 clama
748 2059 940 2107 totumtuum
967 2068 1017 2108 sa-

324 2139 469 2199 turnum,
506 2128 576 2203 quia
603 2129 759 2202 Scriptura
797 2129 878 2187 nobis
912 2129 1018 2206 sufficit

330 2226 391 2266 cum
419 2207 580 2265 Anastasio
606 2216 636 2263 et
661 2207 817 2264 Ambrosio
842 2218 871 2263 et
895 2209 1017 2285 Angues-

330 2291 394 2360 tino,
422 2289 475 2364 qui
499 2296 559 2343 tam
580 2288 713 2364 graviter
737 2287 928 2362 conqueritur,
950 2288 1016 2360 jam

329 2385 378 2427 suo
415 2377 557 2442 tempore·
584 2366 678 2424 variis
716 2366 845 2423 locorum
889 2367 1017 2422 moribus

331 2446 530 2507 Christianam
550 2445 723 2515 libertatem,
746 2462 820 2521 pene
841 2446 1015 2502 deteriorem

329 2527 447 2603 neuqua
473 2535 502 2581 et
530 2524 632 2581 seruili
656 2523 828 2581 dudaeorum
855 2524 1018 2581 conditione
1078 2536 1080 2543 ·

330 2605 419 2663 reddi.
436 2602 517 2685 Quid
536 2621 609 2680 ergo
632 2621 707 2660 nunc
715 2605 840 2678 faceret,
856 2604 884 2659 si
904 2603 1017 2660 rideret

331 2693 368 2741 tot
378 2683 497 2743 ordines
507 2682 729 2754 Monachorum,
739 2683 790 2757 qui
802 2691 868 2739 sunt
878 2682 941 2738 nati
946 2699 1015 2757 pos·

332 2764 396 2821 lea?
406 2763 434 2820 si
441 2761 553 2820 uideret
565 2762 701 2830 Missum,
713 2762 740 2817 si
752 2762 863 2818 uideret
876 2761 1016 2820 articulos

333 2842 475 2910 somna,
492 2841 520 2898 si
531 2839 643 2898 rideret
651 2840 804 2915 perdonos,
822 2849 852 2895 et
866 2839 1016 2917 indulgen-

335 2920 394 2991 tias,
411 2929 441 2976 et
456 2919 666 2995 consessionem
689 2918 895 2988 auricularem,
913 2919 1015 2975 etalio

334 2994 426 3059 omnia
439 2996 573 3056 similia?
585 2999 629 3055 Et
643 3008 674 3054 tu
682 2997 766 3072 sacis
780 2997 827 3054 nic
844 2996 880 3053 de
899 2996 1016 3054 doctore

870 3124 896 3164 14
