2700 3800
438 618 440 626 ¹
505 570 542 611 ott
563 552 728 611 Pssssvnnn
927 572 963 629 77

267 678 363 735 etiam
384 677 460 753 qnod
479 688 524 735 cst
545 686 636 734 totum
656 694 697 733 ex
715 677 845 754 opposito
862 687 964 735 contra

266 760 411 817 Sanctam
434 757 619 833 Scripturam
635 777 643 812 .·
661 767 690 813 et
712 758 765 814 hoc
782 767 826 815 est
842 757 918 833 quod
932 766 963 815 tn

266 838 390 895 notuisti
401 837 558 913 attingere,
571 836 640 912 quia
652 855 706 894 non
710 837 845 912 jaciebat
859 838 962 895 bonum

262 934 324 993 pro
341 916 429 975 vobis.
961 946 964 953 ,

303 998 353 1053 De
372 998 467 1074 capite
485 996 582 1068 tertio,
603 996 661 1072 ipsi
678 996 783 1069 dicunt,
801 997 876 1073 quod
894 997 962 1055 estis

266 1094 343 1135 unus
358 1076 504 1134 mirabitis
518 1077 633 1147 stultus,
645 1078 716 1153 quia
723 1077 873 1155 frangitis
882 1077 962 1136 robis

266 1168 356 1233 caput
373 1167 402 1214 et
416 1156 537 1213 mitram
550 1157 612 1215 sine
630 1174 720 1215 cansa
734 1177 743 1213 .·
759 1168 788 1215 et
802 1158 831 1214 in
846 1173 962 1215 summa

265 1237 377 1308 dicunt,
398 1237 474 1312 qaod
489 1236 635 1312 jaceretis
655 1238 732 1294 sicut
748 1246 888 1309 oratores,
911 1239 962 1313 qni

260 1327 376 1392 ponunt
398 1317 608 1374 conclusionem
633 1326 701 1373 ante
728 1317 960 1393 argumentatio-

263 1414 350 1453 nem:
361 1407 390 1454 et
403 1397 461 1473 ipsi
475 1397 607 1454 ridebant
618 1396 746 1455 dicentes
757 1398 873 1474 (parcat
886 1396 960 1453 mibi

263 1486 363 1534 vestra
389 1476 730 1552 Nuper-Prasidentia),
757 1476 832 1551 qnod
849 1477 958 1552 srena-
1035 1482 1037 1485 ’
1076 1478 1079 1481 ’

264 1556 341 1613 batis
356 1556 466 1613 mutam
481 1566 609 1614 nestram
622 1574 678 1632 per
691 1557 824 1631 caudam·
846 1558 889 1614 Et
902 1574 959 1632 ego

262 1636 311 1693 hic
325 1636 473 1727 confiteor
477 1635 558 1694 vobis
575 1636 611 1693 de
617 1646 738 1712 peccato
750 1636 867 1708 veniali,
882 1637 959 1713 qnod

263 1733 321 1793 ego
338 1716 473 1773 commisi
494 1726 575 1771 nocte
594 1716 731 1792 sequenti,
750 1733 808 1792 per
820 1715 957 1793 figuram

261 1812 329 1873 qua
341 1795 452 1852 dicitnr
470 1796 637 1872 Potyposis.
650 1797 733 1852 Nam
749 1812 804 1872 ego
814 1796 957 1873 putabam

260 1874 364 1934 videre
387 1892 437 1933 vos
466 1892 554 1950 snper
580 1885 708 1933 nestram
737 1876 848 1933 maiam
875 1892 957 1934 nerso

259 1972 332 2013 naso
351 1971 451 2013 versas
467 1955 564 2012 cutum
586 1956 669 2030 ejus:
688 1964 716 2012 et
735 1972 823 2030 quum
845 1955 958 2013 veiietis

259 2035 306 2091 ire
319 2052 418 2093 versas
428 2052 555 2111 parrum
572 2045 703 2112 pontem,
721 2035 766 2091 ire
780 2046 875 2093 tamen
890 2054 956 2094 ner-

257 2131 310 2173 sus
320 2126 440 2192 pontem
455 2125 563 2172 nostra
578 2115 712 2188 domina,
730 2126 759 2172 et
772 2133 871 2174 omnes
886 2116 956 2175 istos

258 2194 391 2252 ribaldos
410 2196 570 2252 clamantes
586 2216 594 2250 :
609 2196 746 2268 Domine,
764 2196 889 2269 dominc,
905 2214 956 2256 nos

258 2293 315 2332 non
326 2275 376 2331 itis
391 2274 468 2346 bene,
486 2274 538 2331 sed
553 2283 642 2331 totum
658 2275 699 2333 ad
712 2277 843 2333 reculam
860 2297 869 2332 .·
885 2287 956 2335 etse

258 2354 403 2430 ridebant,
420 2365 449 2411 et
463 2371 519 2431 ego
534 2371 580 2410 me
592 2354 730 2412 excitavi.
741 2357 784 2414 Et
798 2366 829 2412 ut
840 2357 954 2414 veniam

257 2434 298 2491 ad
331 2434 518 2491 intentionem
549 2449 660 2505 meam,
690 2435 748 2512 ipsi
772 2436 870 2493 dicunt
898 2455 954 2494 uno

257 2514 355 2584 verbo,
370 2514 446 2589 quod
459 2514 615 2571 concedunt
628 2516 727 2572 omnia
744 2534 810 2591 qua
818 2517 954 2593 probatis

257 2612 322 2670 cap.
334 2593 366 2650 3.
378 2605 409 2660 a.
424 2597 455 2650 5.
468 2591 507 2665 6.,
521 2604 549 2650 et
555 2604 648 2670 agunt
656 2595 737 2653 nobis
742 2597 868 2673 gratias,
879 2597 954 2672 quod

258 2684 321 2730 tam
335 2673 596 2751 benecoiiegeritis
606 2676 953 2750 omniaqnaeconneniunt

257 2753 345 2810 robis.
355 2755 447 2823 Nam,
458 2753 614 2810 dicebant
603 2755 661 2826 isti,
676 2772 727 2812 vos
738 2756 811 2814 estis
820 2757 870 2831 qni
883 2776 951 2815 can·

253 2833 374 2909 ponatis
401 2834 520 2892 verbnm
537 2835 615 2906 Dei,
643 2834 758 2911 quando
784 2836 951 2895 immiscetis

285 3030 316 3087 (ι)
328 3029 362 3076 Le
369 3029 471 3088 pontde
485 3035 556 3077 notre
571 3024 704 3090 maitressa
720 3032 749 3078 de
759 3016 853 3092 ltfgtiie
868 3035 951 3091 prohn-

258 3092 356 3138 blement
365 3093 402 3150 (tt.
415 3092 449 3138 dn
465 3092 558 3150 Trad.).

822 3204 843 3248 7.
