2700 3800
564 503 602 542 nn
623 469 789 542 Pisonum
973 486 1022 542 125

328 611 372 665 sni
390 608 541 685 delegerit
558 625 591 665 se
612 608 749 685 tuaginta
773 608 902 664 seniores
922 626 1024 685 :ergo

329 689 441 745 addidit
451 688 567 764 aliquid
578 626 665 764 [egi
681 696 711 743 et
718 706 775 764 per
784 704 956 762 consequens
969 705 1023 743 non

331 779 368 825 est
385 769 431 825 sic
445 767 683 843 intelligendum,
703 777 734 822 ut
748 784 802 822 non
817 767 902 823 liceat
911 767 1024 842 aliquid

330 848 435 904 addere
440 846 645 922 peculiariter,
658 845 710 902 sed
720 855 832 901 tantum
842 846 872 901 id
880 846 956 921 qnod
968 864 1022 901 non

332 928 538 1003 esteonsorme.
548 926 590 982 Et
597 925 669 981 istas
674 924 837 982 additiones
848 926 962 999 tusacis
971 942 1023 1000 ge-

332 1006 446 1062 minas:
469 1004 539 1080 quia
562 1004 631 1060 aiiae
650 1014 717 1060 snnt
737 1005 930 1079 praceptivae,
954 1004 1023 1060 aiiae

331 1084 517 1141 declarativa»
527 1104 536 1139 :
547 1093 575 1139 et
582 1100 640 1160 pro
650 1083 846 1159 praeeeptivis‚
858 1084 936 1139 nitra
941 1101 1021 1159 prce·

331 1165 449 1221 litatum
466 1164 587 1237 sactum
608 1163 713 1232 MosiS,
731 1172 762 1218 tn
780 1163 912 1239 disputas
934 1163 1020 1219 etiarn

330 1243 500 1312 decebalo,
518 1252 551 1297 nt
567 1242 701 1299 ostendas
716 1250 744 1297 te
762 1258 825 1297 esse
845 1242 1021 1317 magistrum

330 1323 508 1378 Atiborum:
530 1321 575 1378 rei
594 1329 627 1376 ut
645 1330 674 1376 tu
698 1320 832 1376 ostendas
850 1329 878 1376 te
891 1338 946 1376 non
960 1337 1022 1377 esse

330 1402 439 1457 inuium
453 1400 624 1469 Alvernnm,
640 1399 693 1457 sed
706 1417 794 1455 unum
809 1399 956 1455 caballum
971 1417 1021 1456 ar·

329 1497 452 1549 morum,
477 1478 688 1555 corrumpendo
712 1478 786 1534 iilud
807 1498 816 1533 .·
838 1479 1022 1553 Quaecunque

330 1561 461 1616 dixerint
480 1558 568 1628 vobis,
591 1567 706 1616 servate
725 1568 754 1614 et
769 1559 876 1633 facite.
892 1557 1016 1622 Deinde,

329 1640 359 1695 de
377 1657 413 1696 eo
432 1638 511 1715 quod
528 1639 637 1694 dictum
657 1647 710 1709 est,
730 1640 884 1712 Interroga
907 1649 1021 1711 patrem

328 1729 412 1775 tuum
428 1733 436 1773 ι
455 1726 562 1793 postea
582 1717 618 1771 de
637 1716 788 1773 Recabitis
816 1726 844 1772 et
861 1726 964 1792 postea
985 1714 1022 1772 de

329 1798 404 1854 aliis.
420 1798 458 1853 In
462 1796 527 1873 fine
538 1814 592 1871 pro
608 1795 837 1871 interpretativa,
854 1813 905 1851 seu
920 1795 1020 1851 decia-

330 1878 423 1935 rativa
447 1875 604 1946 additione,
626 1875 748 1934 adducis
768 1876 948 1943 Sacerdotes,
973 1874 1023 1950 qni

325 1957 398 2031 fiunt
410 1956 531 2032 judices
552 1956 726 2029 quaestionis,
752 1957 840 2012 Dent.
866 1974 928 2028 17„
944 1964 973 2009 et
986 1954 1022 2010 de

330 2037 437 2107 Esdra,
448 2035 499 2112 qni
512 2036 759 2110 interpretabatur
768 2035 906 2091 vocabula
918 2033 1018 2108 Legis.
1066 2040 1072 2051 '

331 2117 394 2172 Hoc
409 2125 455 2173 est
469 2124 570 2177 totum,
582 2115 710 2171 Domine
720 2113 1020 2190 Nuper-Prasidens,

332 2207 356 2251 et
368 2196 423 2252 noc
442 2203 535 2250 totum
555 2193 612 2268 ipsi
631 2194 729 2250 dieunt
749 2210 812 2250 esse
830 2193 902 2248 nihii
921 2201 1022 2248 contra

333 2274 431 2349 ipsos:
447 2273 521 2329 adeo
540 2274 641 2328 utnon
657 2272 790 2348 indigeat
800 2273 858 2328 nisi
873 2271 944 2327 risu.
963 2271 1022 2326 Sed

334 2363 425 2410 tamen
435 2351 557 2427 quanvis
562 2352 708 2428 perdatur
722 2352 859 2408 lixivium
876 2350 915 2405 ad
924 2349 1023 2406 lavare

357 2627 387 2681 (ι)
402 2620 516 2679 Rebelnis,
526 2625 542 2668 1.
553 2624 573 2670 3.
584 2625 619 2669 ch.
632 2637 660 2670 20
670 2636 675 2668 :
686 2625 737 2681 Qne
746 2625 835 2678 diabie,
848 2624 886 2668 dit
898 2623 1021 2681 Panurge,

335 2692 386 2732 veut
402 2687 537 2744 pretendre
555 2699 581 2732 ce
604 2682 696 2732 Maitre
719 2686 867 2732 Aliborurn?
893 2685 924 2731 Μ.
944 2686 1023 2729 l'Abbe

336 2748 393 2794 Huet
408 2748 467 2795 croit
484 2758 539 2795 avec
555 2750 671 2806 beaucoup
691 2749 844 2806 d'apparence.
861 2747 1022 2803 qu'Aiibornnt

336 2821 359 2854 en
376 2818 434 2856 cette
450 2810 515 2869 sapon
532 2807 560 2855 de
578 2812 654 2869 parler
662 2819 697 2855 est
710 2814 729 2855 le
745 2810 826 2868 genisii
840 2809 930 2862 d'atioi,
942 2817 964 2853 et
980 2822 1023 2865 que

337 2868 421 2917 Maitre
430 2873 579 2918 Aliborurna
595 2875 629 2916 ete
641 2873 674 2917 dit
686 2873 859 2930 premierement
871 2871 922 2915 d'un
933 2871 1023 2915 homme

337 2931 409 2994 ssjcond
428 2941 450 2978 et
469 2934 536 2979 subtil
558 2935 571 2979 d
588 2941 680 2979 trouver
697 2935 735 2979 des
753 2933 823 2977 Alibi.
834 2935 937 2989 mennae,
957 2933 1021 2977 Dict.

338 2995 467 3054 Etyrnoiog.
