2700 3800
575 398 611 435 or
633 380 800 436 Pnssnvnur
992 382 1030 454 43

336 505 517 563 uoluntatem
533 504 645 563 Matris
662 516 768 563 uestrae
785 516 909 581 quaest
927 506 1031 564 Eccle-

336 586 386 641 sia
404 605 413 640 ε
434 586 519 660 cnjus
538 595 634 661 caput,
660 595 692 640 ut
704 586 879 660 praedictum
903 596 955 655 est,
972 588 1031 643 Ro-

338 682 430 721 mana
441 665 546 722 existit
561 665 707 722 Ecclesia.
723 666 773 722 Ita
786 667 936 723 Romanus
950 666 1030 723 Pon-

337 746 420 819 tifex
438 744 496 801 erit
523 755 619 802 mater
637 755 746 817 nostra,
776 745 852 801 sicut
878 747 962 802 Deus
987 757 1031 803 est

332 834 424 901 pater
447 834 553 881 noster.
581 826 624 882 Et
648 826 799 901 oportebat
820 825 908 882 etiam
933 826 1031 884 dicere

336 903 426 978 (quod
438 906 521 962 Deus
530 904 698 980 prohibeat)
711 926 720 960 .·
736 906 831 963 Mater
846 916 946 963 nostra
962 923 1030 980 quae

336 1001 369 1041 es
403 986 523 1056 Romae,
558 984 761 1042 sanctificetur
791 1001 902 1041 nomen
930 997 1027 1045 tuum.

336 1061 485 1121 Adveniet
513 1080 640 1137 regnum
674 1077 771 1122 tuum.
803 1064 869 1121 Fiat
893 1066 1030 1122 voluntas

336 1154 400 1213 tua,
422 1152 474 1199 ete.
496 1144 538 1201 Et
558 1153 636 1200 certe
654 1144 812 1222 Pontifices
825 1144 971 1219 fortassis
988 1164 1030 1202 ex

336 1223 391 1278 lroc
405 1222 524 1281 Conone
535 1233 708 1298 acceperunt
712 1225 766 1300 jus
779 1224 928 1282 sodomia
938 1242 1028 1281 exer-

335 1303 443 1374 cendae,
460 1312 493 1357 ut
505 1321 559 1359 non
573 1313 684 1359 tantum
699 1303 860 1380 allegorice
875 1303 927 1362 sed
940 1305 1028 1361 etiam

336 1399 441 1439 revera
459 1382 520 1439 sint
534 1383 730 1456 soetidissima
748 1394 847 1442 scorta
869 1393 899 1440 et
915 1387 1028 1460 prosti-

335 1461 413 1519 bula.
435 1463 489 1518 Ex
507 1480 563 1538 quo
582 1463 713 1538 insertur
732 1464 932 1536 corollarium,
952 1467 1029 1540 quod

334 1543 421 1617 Papa
434 1552 535 1598 contra
548 1545 769 1618 grammaticos,
782 1553 825 1600 est
833 1543 953 1620 generis
967 1547 1027 1620 epi-

334 1622 417 1691 coeni,
435 1640 489 1678 non
505 1632 602 1678 autem
618 1623 793 1680 masculini:
813 1625 889 1698 quod
897 1641 1027 1699 praser-

334 1702 389 1757 tim
405 1702 483 1758 ualet
497 1701 525 1757 in
542 1701 679 1759 moderno
694 1703 786 1777 Papa,
803 1704 854 1778 qui
871 1704 1027 1760 vocabatur

333 1783 463 1839 loannes
485 1782 607 1853 Maria,
639 1793 670 1838 ut
695 1782 731 1838 ab
757 1782 841 1839 initio
866 1782 1026 1842 natiuitatis

332 1861 534 1920 ostenderetur
553 1880 619 1918 eum
631 1863 705 1939 sore
721 1863 940 1939 androgynum,
960 1881 1025 1920 cum

332 1959 386 2000 suo
395 1959 490 2018 parvo
503 1942 736 2014 Cardinaluccio,
752 1953 780 1998 et
784 1961 842 2019 per
855 1959 1024 2018 consequens

333 2021 459 2096 dignum
471 2021 647 2099 pontificari.

370 2121 386 2154 r
397 2100 457 2159 Sed
469 2102 545 2158 inter
558 2112 688 2173 caterae,
707 2113 767 2160 tota
778 2103 927 2160 distinctio
940 2104 1022 2180 uige-

332 2179 411 2238 sima
420 2180 530 2257 prima,
547 2191 592 2237 est
605 2199 662 2238 una
672 2182 796 2257 pulchra
811 2200 858 2239 res
872 2183 911 2238 ad
925 2183 1023 2240 riden-
1089 2240 1092 2245 .

331 2260 404 2315 dum
427 2280 435 2314 .·
461 2259 504 2317 ita
525 2271 558 2317 ut
580 2261 773 2338 Pantagrnel‚
793 2281 858 2319 cum
872 2280 925 2319 suo
949 2263 1023 2321 libro

330 2340 504 2416 quemfecit
517 2340 688 2416 imprimere
697 2343 897 2418 persauorem
912 2343 1021 2400 Cardi-

331 2418 456 2491 nalium,
474 2418 525 2494 qni
545 2431 644 2476 amant
658 2422 754 2478 viuere
771 2422 846 2478 sicut
860 2421 910 2477 ille
925 2423 1021 2498 loque-

330 2542 450 2589 Chttitlon.
465 2542 569 2600 Celui-ci,
588 2557 674 2589 comme
694 2546 783 2589 homme
801 2545 829 2589 de
840 2547 925 2602 lettres,
942 2555 964 2589 et
976 2547 1022 2591 l'un

331 2605 371 2649 des
383 2605 488 2649 Mecenes
507 2605 533 2648 de
554 2607 664 2662 Rabelais‚
677 2607 737 2651 avait
755 2607 849 2650 sollicite
868 2615 889 2650 et
907 2609 989 2652 obtenu
1002 2611 1022 2652 le

332 2666 444 2723 Privitege
462 2668 555 2711 necorde
574 2670 588 2712 i
607 2669 710 2713 Rubelais
730 2671 749 2712 le
768 2669 857 2713 6Aosst
880 2670 944 2726 1550,
964 2684 1022 2726 pour

330 2728 483 2785 l‘impression
494 2729 521 2772 de
533 2743 575 2774 son
583 2731 685 2774 Roman:
698 2738 720 2774 et
727 2732 747 2773 le
759 2730 863 2787 premier,
877 2745 904 2775 cn
917 2734 937 2775 la
950 2733 1022 2796 [nime

329 2789 423 2847 qualite,
434 2805 448 2847 y
460 2790 521 2834 avait
532 2791 594 2836 aussi
607 2792 731 2848 contribui»,
744 2793 758 2835 dt
769 2805 796 2836 en
805 2793 868 2849 juger
879 2807 920 2850 par
931 2795 1021 2850 l'Epitre

330 2851 443 2896 liminaire
455 2853 485 2896 du
501 2854 544 2898 tvo
556 2853 618 2897 livre.
632 2853 712 2898 C'etait
723 2853 835 2898 d'ailleurs
848 2856 867 2898 lu
879 2864 984 2901 coutume
994 2869 1021 2899 en

331 2915 426 2970 Froncc,
438 2927 465 2960 en
477 2927 502 2959 cc
519 2918 632 2972 temps-lii,
645 2929 687 2971 que
704 2917 743 2960 des
755 2931 878 2973 personncs
897 2920 948 2963 d'un
966 2932 1022 2973 rung
