2700 3800
575 530 613 568 oe
633 513 799 569 Pusuvuur
977 512 1027 571 135

359 648 425 710 cepta
442 636 494 694 Dei
515 634 616 692 vestri.
643 634 726 691 Unde
747 644 871 710 apparet
884 633 960 709 quod
977 636 1029 692 hoc

352 725 514 791 preceptum
542 732 599 770 non
624 713 748 783 addidit,
764 730 854 788 neque
868 714 973 769 minuit
993 714 1029 769 de

352 795 423 871 Lege
448 794 580 852 Domini.
612 793 746 868 Denique
772 792 883 868 quando
906 792 1028 849 dixistis

350 884 430 931 totum
445 873 522 947 quod
533 873 678 949 potuistis,
696 882 724 927 et
739 872 853 928 tandem
872 872 1027 947 affirmatis

346 954 412 1028 quod
429 953 545 1023 Tobios,
561 954 612 1028 qui
628 961 674 1012 est¹
686 951 880 1027 apocryphus,
897 962 926 1007 et
939 952 1025 1008 Salo-

345 1051 411 1103 mon,
437 1042 466 1089 et
488 1032 546 1089 Job
567 1042 596 1087 et
609 1031 663 1087 aiii
682 1031 861 1106 scripserunt
874 1030 1023 1105 dogmata,

342 1131 400 1187 quoe
412 1128 556 1187 nusquam
571 1110 681 1187 offendi
692 1120 812 1185 possunt
826 1109 855 1165 in
869 1110 1026 1166 Pentateu-

340 1193 398 1263 cito,
419 1192 529 1259 dicunt,
546 1189 622 1265 quod
632 1199 729 1247 uestra
739 1188 1026 1264 Nuper-Praesiden-

339 1272 378 1328 tia
389 1272 495 1347 tingat
499 1270 624 1344 salsum,
637 1278 667 1326 et
676 1269 769 1326 solvet
777 1268 926 1325 emendam
936 1287 945 1321 .·
956 1268 1025 1342 quia

337 1368 389 1407 non
409 1349 573 1407 inuenietur
594 1348 669 1425 quod
692 1347 741 1404 isti
761 1348 899 1423 fecerunt
922 1364 1024 1403 nouum

336 1427 489 1490 seruitium
503 1428 571 1487 Dei.

368 1747 410 1802 Se
430 1744 511 1800 uitur
533 1761 608 1800 nunc
620 1744 732 1801 additio
755 1746 959 1820 explanatum
987 1747 1024 1802 de

333 1842 391 1899 qua
400 1762 523 1897 frustra
545 1824 724 1894 contenditis,
747 1826 816 1899 quia
836 1826 889 1881 hoc
908 1843 963 1881 nou
982 1837 1023 1881 est

332 1904 409 1960 sicut
418 1903 455 1959 de
461 1903 714 1974 beatoFrancisco,
724 1904 760 1960 de
766 1922 821 1980 quo
826 1905 937 1960 dubitat
948 1914 1023 1962 totus

333 1982 468 2039 mundus.
485 1983 580 2039 Immo
598 1999 744 2058 nunquam
764 1985 845 2039 dixit
859 1983 1020 2058 quisquam,

333 2062 404 2136 quin
435 2061 527 2117 etiam
566 2071 713 2137 oporteret
738 2063 888 2138 explicare
926 2064 1021 2140 Iegem

333 2141 403 2198 Dei.
416 2140 478 2197 Sed
483 2142 590 2216 facere
602 2158 674 2196 noua
685 2152 833 2218 precepta
842 2143 881 2198 ad
889 2142 1022 2219 ligandas

332 2219 533 2289 conscientias,
548 2220 651 2276 nedum
663 2239 728 2295 quae
740 2232 871 2277 evertunt
888 2223 1022 2297 Scriptu-

333 2309 408 2368 ram,
422 2298 468 2356 vei
481 2316 547 2375 qua
559 2299 724 2356 diminuunt
739 2300 901 2356 libertatem
918 2301 1022 2356 Chris-

333 2377 444 2433 tianam
459 2395 523 2450 qua·
543 2395 597 2433 non
625 2379 754 2435 consistit
775 2379 804 2433 in
833 2379 897 2436 istis
911 2380 1021 2435 chima·

330 2456 424 2532 greis,
442 2465 471 2512 et
483 2466 526 2512 est
538 2474 592 2531 per
609 2457 759 2523 Christum
775 2458 899 2513 liberata
913 2476 931 2513 a
943 2476 1021 2513 cere-

330 2535 439 2592 moniis
453 2535 563 2612 Legis:
577 2545 667 2592 totum
683 2536 735 2592 hoc
753 2555 807 2593 non
822 2547 864 2593 est
878 2537 1020 2611 interpre-

331 2614 395 2671 tari
412 2631 528 2671 sacram
546 2615 740 2689 scripturam,
763 2616 814 2672 sed
828 2628 1020 2690 ‘corrumpere

326 2693 590 2768 persatuissimas‚
602 2694 799 2762 stultissimas,
818 2695 1016 2768 impiissimas,

330 2773 814 2847 etNuper-Praesidentiaiissimas
820 2774 945 2849 glossas.
954 2776 1018 2831 Ita-

328 2869 387 2928 que
400 2862 431 2906 tu
454 2869 485 2908 es
497 2853 604 2924 fatuus
624 2853 698 2908 sicut
718 2870 775 2908 una
797 2853 900 2917 vesica,
918 2863 946 2908 et
963 2855 1018 2910 ista

327 2931 431 2987 omnia
443 2932 546 3006 quibus
570 2941 600 2986 tu
626 2949 656 2988 es
677 2933 782 3007 plenus
800 2950 854 2989 non
877 2944 943 2988 sunt
961 2934 1018 2989 nisi

327 3019 439 3066 ventus.
462 3011 540 3069 Ecce
553 3011 628 3085 quod
648 3010 746 3067 dicunt
760 3011 892 3068 heretici
906 3012 941 3068 de
962 3013 1017 3069 isto
