2700 3800
489 525 523 560 ns
544 509 708 562 Pnssnvnns
890 493 941 579 199¹

257 638 431 684 commatres
453 632 494 700 (tn
521 630 589 684 bene
612 648 657 684 me
682 629 833 704 intelligis)
848 640 876 683 et
891 646 940 684 nos

257 723 355 761 ornnes
381 725 480 762 snmus
509 709 646 765 homines.
665 711 765 777 Quare
785 709 871 763 etiam
886 725 941 783 ego

257 786 357 840 redibo
371 798 475 858 quanto
501 804 591 861 ocyus
608 798 718 861 potero,
745 798 772 841 ct
789 805 893 861 precor
911 797 943 840 nt

213 862 218 886 ³
258 876 288 919 tu
312 883 357 919 me
376 868 588 922 recommendes
611 868 678 921 bene
700 867 831 921 omnibns
844 866 938 922 sociis.

213 955 215 960 '
257 954 285 999 et
313 945 449 999 Dominae
468 946 661 1019 Margaritae,
684 957 711 1000 et
731 947 868 1000 Domina
890 947 941 1001 do-

258 1041 349 1082 annae.
367 1033 395 1077 et
415 1025 549 1079 Domina
569 1026 604 1079 de
628 1026 656 1079 la
675 1038 752 1080 cotte
765 1024 894 1091 violette,
913 1035 943 1078 et

258 1103 389 1157 undecim
406 1103 534 1158 millibus
548 1105 850 1180 Virginurn,qicoesirnt
863 1104 941 1159 circa

257 1181 414 1236 Abbatiam
441 1193 528 1241 ticam.
545 1184 573 1237 in
596 1184 740 1250 Salicctis,
764 1194 793 1237 et
815 1184 941 1237 Domino

257 1262 390 1329 Ponceto,
409 1272 436 1317 et
463 1264 606 1336 compatri
627 1273 675 1317 tuo
694 1263 839 1337 Lignaria
852 1262 938 1334 galli,

257 1350 287 1394 et
311 1342 452 1414 compatri
480 1352 528 1396 tuo
543 1344 635 1415 (qncm
649 1342 777 1415 primurn
793 1342 942 1396 nominare

258 1419 353 1490 debui)
376 1420 502 1475 Domino
523 1422 658 1493 generali
678 1421 940 1476 Mathurinornm:

258 1498 307 1571 qni
321 1498 347 1553 si
362 1499 503 1554 irascetur
511 1500 578 1573 qtcia
588 1500 675 1573 posui
685 1500 778 1573 ipsum
795 1500 937 1563 alcimum,

258 1576 339 1630 dicei
343 1577 417 1650 qnod
425 1579 512 1632 etiam
520 1578 569 1651 qui
582 1579 659 1632 canit
668 1596 805 1653 magnam
815 1579 939 1634 Missam

258 1656 338 1709 vadit
352 1656 470 1711 ultimus
482 1657 509 1710 in
520 1658 710 1731 processione.
728 1657 940 1713 Recommendo

259 1736 773 1809 metnagratia’‚etterecornmendo
783 1738 843 1791 Deo
850 1737 942 1810 pieta-

259 1814 352 1885 tisqni
366 1823 509 1888 estsuper
524 1825 601 1869 tunm
618 1815 755 1888 bufetnm,
767 1826 795 1869 et
809 1816 939 1869 omnibns

257 2008 278 2043 et
297 2012 341 2042 non
362 1996 627 2054 plus,'immediatement
645 2001 710 2056 apres
730 2002 751 2044 le
771 2013 843 2056 repas.
863 1993 940 2057 Voyez

258 2061 352 2109 Launoi,
373 2061 434 2104 Hist.
452 2061 593 2119 dnucolle'ge
608 2062 638 2105 de
648 2061 766 2110 Navarra,
780 2075 836 2117 page
855 2062 906 2117 237,
922 2063 941 2104 le

258 2122 383 2165 Somrnaire
399 2122 428 2166 du
441 2122 546 2179 chapitre,
559 2131 581 2167 et
596 2124 616 2167 le
626 2124 723 2178 chapitre
734 2125 812 2174 meme,
830 2137 879 2179 pag.
896 2135 941 2177 240

258 2193 279 2228 et
290 2197 341 2238 241.

288 2264 315 2318 [4]
331 2264 416 2307 Olivier
433 2264 541 2314 Maillard,
562 2263 633 2308 Serm.
654 2265 678 2308 13
696 2265 723 2308 de
739 2266 840 2308 l'Avent:
858 2265 890 2309 Et
902 2276 941 2308 nos

259 2327 356 2371 Domini
372 2325 496 2381 Religiosi,
517 2326 560 2381 qni
579 2327 672 2371 habetis
689 2327 822 2370 buffetos.et
840 2339 939 2382 cuppas:

259 2390 357 2432 eritisne
366 2388 475 2430 damnati
483 2388 496 2430 ἶ)
506 2388 539 2431 De
549 2401 585 2431 ces
604 2391 699 2444 perdes,
713 2388 750 2443 qui
761 2388 939 2430 vraisemblable-

259 2458 318 2493 ment
328 2457 378 2492 sont
395 2448 484 2492 iondces
500 2462 538 2492 sur
549 2451 643 2506 quelque
655 2450 721 2492 chose
733 2450 762 2492 du
782 2450 846 2492 Droit
862 2449 940 2493 Cano-

258 2513 332 2567 nique,
343 2512 358 2553 il
369 2512 449 2553 resulta
458 2523 501 2565 que
510 2511 588 2555 rabbo
599 2512 662 2555 Lizet
672 2524 700 2554 ne
711 2511 785 2553 devait
795 2524 835 2566 pas
845 2510 906 2553 avoir
917 2523 941 2552 ce

259 2575 326 2617 buffct
340 2585 383 2628 que
395 2572 426 2615 lui
441 2573 544 2628 reproche
555 2574 686 2626 Passavant,
697 2582 719 2616 et
728 2585 770 2628 que
780 2573 853 2616 moins
862 2585 941 2615 encore

258 2634 371 2677 demit-on
381 2648 395 2690 y
405 2634 453 2677 vois
462 2635 544 2677 certain
553 2636 632 2691 grand
642 2647 711 2679 verre
719 2635 765 2690 qui,
775 2648 802 2678 ne
810 2640 907 2689 pouvant
917 2646 941 2677 se

259 2695 320 2738 vider
328 2697 380 2750 qu'il
394 2697 442 2739 n'en
454 2697 528 2739 coiitist
539 2709 568 2739 au
584 2698 668 2740 buveur
678 2698 728 2752 plus
738 2710 767 2740 ou
777 2697 850 2739 moins
862 2696 889 2738 de
898 2697 941 2738 lar-

259 2769 307 2799 mes
317 2757 443 2812 bachiques,
461 2764 495 2799 est
510 2766 677 2812 apparemment
689 2770 713 2800 ce
731 2759 797 2812 qu'on
815 2757 903 2799 insinue
912 2755 940 2798 ici

258 2831 302 2873 que
315 2818 376 2862 Lizet
388 2819 484 2875 appelait
495 2831 522 2862 en
538 2819 585 2862 vrai
602 2819 694 2875 profane
705 2821 725 2862 le
734 2821 795 2863 DIcn
807 2820 836 2861 dc
844 2818 905 2874 pitia
914 2818 941 2861 de

259 2891 299 2922 son
321 2880 396 2928 buffet.
416 2881 447 2923 La
471 2881 604 2935 complainte
627 2881 742 2935 imprimee
761 2883 773 2922 ἐι
791 2883 812 2922 la
833 2880 890 2922 suite
911 2880 941 2922 du

260 2941 392 2984 Passavant
404 2942 459 2985 dans
472 2943 578 2996 quelques
588 2943 691 2992 editions,
708 2949 729 2984 et
741 2949 876 2984 notammcnt
887 2942 942 2984 dans

259 3004 312 3045 celle
321 3003 347 3045 de
362 3003 426 3056 1584,
439 3004 513 3046 nablis
527 3004 687 3058 puissnmment
700 3011 754 3046 cette
764 3006 892 3051 coniectore.
