2700 3800
496 514 532 551 ne
553 497 719 553 Passuvaur
915 497 952 570 87

255 620 335 700 quod
363 637 436 677 nuuc
461 631 613 678 assumunt
634 619 951 698 pseudo-Evangelia,

212 691 217 722 ‘
256 701 394 770 dieenteS,
406 700 486 775 quod
501 700 578 756 nihil
594 699 800 774 recipiendum
814 711 858 756 est
872 702 954 775 quod

213 797 216 804 ’
258 799 322 837 non
337 780 375 838 sit
386 780 417 835 in
429 778 599 854 ScripturiS,
615 780 733 837 servivit
742 790 867 856 quatuor
874 798 955 857 pra-

249 853 396 938 judicatis
417 859 572 929 haereticis,
601 859 750 930 Arrianis,
778 860 951 932 Donatistis,

212 947 214 968 ²
256 939 414 1009 Leonistis,
424 939 607 1000 etHussilis.
618 939 817 1018 Auditeergo,
827 940 956 998 Domine

224 1059 228 1068 ·
254 1019 557 1096 Nuper-Prasidens,
583 1019 725 1095 quomodo
752 1018 809 1094 ipsi
831 1037 953 1096 respou-

256 1099 326 1157 deut
339 1108 436 1157 uestro
452 1116 532 1170 uaso,
548 1099 727 1174 etquomodo
738 1099 955 1174 alloquerentur

256 1188 386 1238 uestram
403 1178 525 1236 barbam
543 1178 571 1236 si
586 1178 698 1254 pelada
718 1196 773 1235 non
790 1178 956 1237 abstulisset

257 1276 349 1322 eam:
368 1276 433 1333 quae
450 1258 550 1315 omnia
568 1274 625 1335 ego
645 1257 711 1314 dieo
731 1257 759 1313 in
784 1258 874 1315 tertia
885 1276 955 1335 per·

257 1356 340 1408 sona,
359 1338 436 1395 sieut
452 1337 504 1395 isti
520 1337 652 1394 haretici
664 1337 773 1409 dieunt,
788 1339 864 1413 quod
879 1355 957 1415 sape

253 1418 376 1495 jaciunt
389 1417 524 1474 Hebraei.
540 1417 652 1474 uuum
666 1433 742 1491 ergo
756 1418 831 1491 quoa
843 1427 874 1474 tu
887 1401 956 1494 lgrs

258 1515 327 1556 cum
343 1496 414 1574 ipsis
429 1496 530 1554 eadem
537 1496 602 1573 fide
618 1506 720 1571 quatu
733 1496 844 1572 agebas
861 1498 890 1554 lu
898 1514 956 1573 pa-

259 1576 343 1646 latio,
358 1575 515 1652 quaudoau
529 1575 732 1652 amplificabas
746 1586 775 1632 et
785 1577 956 1634 decurrebas

260 1655 361 1713 omnia
373 1655 413 1712 ad
426 1655 570 1731 placitum
593 1655 836 1714 muliercularum
850 1673 915 1732 qua
929 1667 958 1713 le

259 1735 449 1795 solicitabaut
463 1745 524 1792 tam
544 1734 703 1806 humililer,
726 1746 759 1791 ut
776 1753 853 1811 sape
870 1736 958 1793 cade·

260 1825 327 1873 reat
345 1826 414 1872 aute
435 1825 463 1871 te
481 1832 549 1891 prae
567 1815 741 1872 humilitate.
770 1814 847 1885 Quia
871 1831 959 1889 quum

259 1894 387 1955 Arriani
400 1894 539 1966 dicebant,
558 1893 634 1971 quod
646 1913 700 1951 non
718 1894 895 1951 inueniretur
908 1912 959 1952 uo-

260 1975 396 2036 cabulum
411 1974 678 2049 Homosiom(nam
688 1974 796 2050 quiatu
806 1991 861 2031 non
873 1975 959 2032 iutel-

262 2056 336 2133 ligis
366 2054 522 2127 Gracum,
546 2054 624 2112 sicut
644 2071 696 2111 nec
713 2054 808 2112 multa
827 2053 901 2125 alia,
928 2064 959 2111 lu

256 2134 364 2212 jecisti
378 2145 472 2191 tecum
493 2152 596 2192 errare
611 2133 883 2211 typographieum),
904 2135 961 2210 ipsi

258 2213 434 2293 pugnabant
451 2214 487 2271 de
505 2213 643 2272 uocabulo
660 2224 765 2270 eontra
786 2230 871 2271 suam
892 2231 959 2270 eon-

261 2295 413 2353 scientiam
429 2315 438 2350 :
453 2294 522 2369 quia
535 2293 654 2351 etiamsi
672 2293 752 2350 istud
765 2294 884 2351 uerbum
903 2310 958 2349 uon

262 2384 307 2432 est
321 2374 531 2449 inscriptura,
550 2383 646 2429 tamen
668 2383 712 2430 est
732 2373 916 2449 aquiualens,
932 2381 961 2428 el

262 2453 399 2512 doctriua
418 2452 454 2509 de
477 2452 624 2510 Trinitate
644 2453 731 2510 habet
750 2463 853 2529 aperta
877 2451 961 2510 testi-

260 2533 362 2590 mouia
376 2532 490 2610 infinita
508 2532 538 2588 iu
552 2534 661 2589 Sancta
674 2533 841 2608 Scriptura,
856 2533 961 2607 Itaque

262 2615 334 2671 bene
359 2614 486 2689 suerunt
514 2613 698 2670 condemnati
726 2612 860 2683 Arriani,
885 2612 962 2688 quod

259 2711 408 2769 nunquam
425 2692 540 2769 suisset
554 2693 673 2767 sactum
698 2692 762 2750 sine
785 2693 957 2769 seripturis,

286 2917 318 2971 (ι)
335 2916 380 2959 Les
392 2913 563 2970 leonomaques,
576 2912 669 2969 appelle
681 2911 811 2968 Leonistes,
824 2913 851 2958 de
860 2914 959 2971 l'Empe-

263 2991 319 3024 reur
332 2977 397 3021 Leon
407 2975 509 3020 Isaurien
518 2974 557 3032 qui
569 2976 602 3019 les
613 2973 738 3018 favorisait.

294 3041 327 3097 (2)
337 3037 476 3085 Homosr‘am
486 3050 544 3095 pour
553 3036 692 3083 Homerion.
