2700 3800
981 463 984 488 l

566 522 605 559 nu
625 504 791 559 Pssssvnur
972 502 1023 575 ¹39

341 628 453 685 dicimus
464 627 558 684 simul
578 626 648 697 tria,
665 644 730 701 qua
748 636 779 682 tu
795 644 850 682 non
861 642 960 701 posses
975 642 1023 681 re-

335 709 438 780 futare.
462 707 612 772 Primum,
642 704 718 780 qnod
739 707 823 781 Papa
845 716 874 761 et
898 704 1024 762 Praelaii
1042 759 1057 769 a

339 805 383 843 non
394 797 465 844 sunt
477 786 623 850 Ecclesia,
640 784 695 842 sed
709 786 877 861 synagoga
891 784 999 841 diaboli
1012 803 1021 837 .·

337 867 502 937 secundnm,
532 864 610 940 quod
635 864 766 939 Spiritus
788 875 904 921 sanctus
927 864 1023 919 docuit

337 947 427 1002 onnia
438 944 612 1021 Apostolos:
627 953 656 999 et
669 945 736 1018 quia
750 944 884 1019 Apostoli
888 943 1023 1018 fideliter

330 1027 461 1099 fecerunt
476 1024 603 1100 officium
625 1041 719 1092 suum,
744 1024 801 1099 ipsi
823 1024 911 1079 eiiam
926 1023 1021 1098 scrip-

333 1115 430 1161 serunt
447 1121 625 1180 quacunque
642 1104 806 1161 necessaria
827 1113 894 1159 sunt
914 1103 953 1158 aa
971 1118 1022 1157 so·

333 1184 419 1240 lucem
433 1182 580 1242 Ecclesia
593 1200 682 1257 usque
689 1183 826 1257 adfinem
837 1182 946 1239 mundi.

364 1649 597 1724 Patctprimum,
611 1666 652 1704 ex
662 1650 740 1706 ueris
748 1649 910 1724 insignibus
916 1649 1019 1706 Eccle-

330 1730 384 1785 sice
397 1739 428 1783 et
447 1728 698 1803 inseparabilibus.
721 1729 799 1797 Quia
815 1730 949 1785 Ecclesia
965 1746 1019 1784 non

330 1818 374 1863 est
384 1806 530 1878 adultera,
547 1818 576 1863 ct
591 1807 654 1863 ideo
667 1826 722 1863 non
731 1809 814 1863 audit
823 1825 918 1864 vocem
928 1807 1019 1863 aliam

330 1905 418 1963 quam
429 1887 479 1944 sui
486 1887 585 1961 sponsi
593 1908 602 1942 :
612 1887 768 1944 Diabolica
780 1898 877 1944 autem
887 1888 1021 1944 Ecclesia

330 1978 374 2023 est
394 1984 460 2040 quoe
472 1968 534 2023 vult
554 1967 742 2032 dominarier
758 1968 922 2042 prevalere
935 1967 1020 2023 uerbo

330 2047 398 2111 Dei,
415 2047 579 2120 siculsa‘cit
597 2047 733 2103 Ecclesia
747 2050 881 2103 Romana
893 2048 917 2102 A
918 2057 1020 2122 posta-

332 2127 399 2193 tica,
428 2126 458 2180 in
483 2126 614 2181 omnibus
639 2136 667 2182 et
694 2127 830 2202 singulis.
857 2126 1018 2182 Secundum

326 2214 418 2280 patet,
441 2205 500 2262 nisi
526 2204 657 2261 dicamus
679 2205 767 2279 (quod
791 2206 877 2276 absit)
902 2206 1020 2260 mentiri

330 2285 428 2340 diuum
443 2286 594 2340 loannem.
605 2286 647 2341 Et
655 2286 721 2342 istis
732 2285 923 2361 adjungimus
932 2303 1018 2340 canum

331 2363 449 2419 tertium
469 2363 539 2419 bene
556 2364 665 2420 malum
686 2382 742 2440 pro
757 2375 793 2423 te.
809 2365 878 2439 quia
892 2365 979 2420 etiam
992 2364 1021 2419 si

331 2443 384 2498 tibi
409 2442 629 2503 concederemus
655 2443 731 2518 quod
756 2445 855 2499 liceret
876 2444 1020 2500 Ecclesia

325 2524 431 2596 facere
453 2539 555 2578 nouum
580 2524 729 2579 servitium
756 2523 823 2592 Dei,
846 2534 941 2578 tamen
964 2541 1018 2578 non

329 2601 461 2677 sequitur
487 2601 563 2676 quod
583 2603 684 2658 liceret
701 2604 800 2677 Papa,
825 2603 882 2658 nisi
906 2612 935 2657 tu
946 2621 1018 2676 pro-

331 2681 428 2753 basses
449 2681 526 2756 quod
549 2683 633 2757 Papa
658 2693 733 2739 esset
752 2683 896 2750 Ecclesia,
914 2681 1019 2755 dequo

330 2778 414 2816 nemo
423 2770 516 2835 ianus
528 2771 556 2815 te
564 2761 669 2830 credet,
685 2761 802 2817 etiamsi
814 2761 1017 2835 teperjurave·

330 2840 382 2908 ris,
400 2846 477 2900 ullu
494 2840 629 2912 faciebas
648 2841 800 2915 quotannis
813 2839 852 2895 acl
867 2841 1018 2896 minimum

328 2920 421 2975 semel
439 2919 467 2974 in
485 2919 602 2974 Palatio
623 2929 688 2975 cum'
712 2920 781 2975 aliis
803 2920 979 2976 consiliariis
990 2930 1019 2975 et

329 2998 487 3054 aduocatis.
503 2999 545 3055 El
558 2999 598 3053 ita
614 3009 643 3054 iu
656 3000 736 3056 vides
749 2999 825 3072 quod
835 3010 865 3053 tu
882 3010 940 3055 tam
957 3000 1017 3054 liti-
