2700 3800
502 509 537 545 oe
559 492 724 548 Passavanr
918 489 953 563 73

260 616 335 671 dere
344 632 381 670 an
392 614 529 670 haberent
538 615 666 691 aliquam
677 614 828 684 rationem,
843 614 870 668 si
874 632 956 689 pra·

260 696 410 769 ceptiones
430 694 572 750 Ecclesia
590 706 657 752 sunt
678 693 813 751 mobiles:
829 692 869 749 ad
881 693 957 769 quod

260 774 399 832 uidebitis
413 773 555 848 quomodo
570 774 778 850 respondeatis,
790 775 872 829 Nam
884 774 912 829 si
926 784 956 829 tu

261 854 346 911 dicas
367 854 444 929 quod
466 854 593 928 oportuit
613 855 718 910 saltem
733 852 883 910 attendere
895 854 957 911 siue
986 924 990 929 f

262 944 422 1009 expectare
439 932 615 989 uoluntatem
635 935 726 1008 Papae
743 943 770 988 et
793 933 955 1008 Episcopo-

262 1030 332 1069 rum
354 1014 393 1067 ad
416 1012 585 1068 mutandum
613 1029 673 1082 eas,
701 1012 758 1088 ipsi
781 1013 956 1087 respondent

261 1092 341 1168 quod
357 1108 406 1147 uos
425 1091 555 1166 arguitis
574 1091 649 1147 sicut
665 1091 693 1147 si
711 1091 857 1159 diceretis,
880 1090 957 1164 quod

261 1172 303 1228 ad
315 1170 538 1247 reformandum
552 1171 718 1246 lupanaria,
734 1180 883 1245 oporteret
894 1171 956 1245 pri·

262 1269 344 1307 mum
366 1250 472 1307 habere
491 1251 665 1307 sententiam
691 1250 877 1306 meretricum
892 1267 957 1324 quoe
976 1306 980 1313 ,
1002 1259 1005 1264 ’

262 1331 305 1387 ibi
326 1330 466 1389 habitant.
484 1329 570 1399 Quod
586 1339 684 1386 autem
703 1339 815 1404 spectat
834 1327 874 1385 ad
894 1329 957 1386 alia

261 1428 329 1488 quae
351 1410 455 1479 dicitis,
482 1409 513 1464 id
532 1419 585 1480 est,
606 1409 645 1464 ad
658 1409 812 1486 suffragia
826 1426 884 1483 pro
902 1409 955 1465 de-

255 1490 383 1567 functis,
400 1499 429 1546 et
443 1489 576 1546 instituta
595 1488 718 1563 reliquo,
741 1498 769 1544 et
788 1498 955 1546 sanctorum

263 1569 499 1626 intercessiones:
515 1567 572 1643 ipsi
577 1570 718 1642 fatentur
731 1568 807 1642 quod
822 1568 879 1625 ista
891 1586 954 1626 om·

262 1651 316 1706 nia
326 1659 393 1707 sunt
407 1648 583 1714 inventiones
595 1647 755 1718 diabolica,
766 1658 796 1704 et
810 1647 873 1706 ideo
885 1648 954 1705 abo·

264 1729 424 1785 minantur.
846 1728 848 1732 '

303 1810 360 1866 Vos
374 1817 481 1877 autem,
497 1806 573 1863 sicut
584 1807 713 1864 dicemus
722 1816 834 1882 postea,
845 1807 955 1881 frena-

262 1888 302 1946 tis
324 1887 434 1946 mulam
455 1896 583 1944 uestram
604 1905 662 1963 per
683 1885 817 1958 caudam,
841 1886 955 1962 quando

260 1967 372 2026 uocatis
396 1985 430 2023 ea
447 1965 591 2024 Ecclesia
612 1966 763 2042 dogmata,
784 1966 854 2041 quia
867 1966 956 2041 prius

257 2046 442 2124 probandum
457 2046 524 2121 suit
542 2063 605 2103 esse
624 2045 791 2103 Ecclesiam
814 2063 878 2120 quae
900 2063 955 2102 non

260 2126 377 2184 auidiuit
386 2142 486 2183 ¹uocem
500 2126 599 2200 sponsi
611 2125 667 2194 sui,
684 2124 736 2180 sed
748 2125 810 2182 uuit
823 2142 885 2182 esse
902 2124 953 2181 do-

261 2207 343 2262 mina
359 2222 448 2280 supra
461 2222 547 2262 suum
563 2205 702 2260 maritum
719 2225 727 2258 .·
748 2223 788 2260 ex
801 2223 856 2280 quo
870 2205 954 2261 colli-

260 2295 338 2364 gunt
353 2302 439 2341 unum
453 2284 652 2352 corollarium,
669 2285 745 2358 quod
753 2284 877 2359 familia
891 2286 953 2340 Pa-

256 2366 408 2441 pistarum
437 2373 480 2421 est
505 2363 613 2438 optime
638 2364 816 2440 gubernata,
844 2365 872 2419 in
898 2381 954 2439 qua

259 2444 374 2500 scilicet
385 2442 501 2522 gallina
515 2453 614 2499 cantat
630 2443 721 2500 altius
739 2460 826 2518 quam
840 2443 952 2519 gallus.

259 2525 422 2594 Praererea,
443 2523 557 2598 quando
578 2522 700 2578 dixistis
709 2523 785 2598 quod
807 2523 959 2599 accipiunt.

255 2623 315 2680 pro
339 2603 403 2661 basi
426 2604 564 2660 Sanctam
588 2603 782 2677 scripturam,
805 2613 834 2658 et
849 2614 953 2678 postea

288 2786 318 2841 (ι)
334 2779 443 2842 Francois
456 2783 565 2837 Hotman,
575 2792 631 2838 page
644 2794 658 2834 4
668 2780 696 2824 de
706 2791 748 2823 son
758 2780 849 2838 Motag.
863 2780 893 2824 de
902 2779 951 2824 Ma-

260 2847 396 2906 tagouibus‚
408 2844 462 2890 edit.
473 2843 500 2888 de
515 2843 580 2900 1578,
590 2855 641 2887 ena
657 2842 690 2886 dit
698 2849 778 2886 autaut
792 2841 820 2885 de
834 2842 952 2898 Matharel,

259 2922 314 2954 avec
325 2907 371 2953 ceci
383 2907 411 2952 de
428 2903 563 2964 particulier,
580 2903 660 2962 qn'ila
678 2903 721 2948 cite
738 2905 851 2961 Laneetot,
864 2916 952 2950 comme

258 2979 326 3029 ayant
339 2971 445 3028 rapport&
457 2982 482 3013 ce
494 2968 607 3014 Proverbe
618 2979 658 3012 sur
666 2966 689 3012 la
696 2965 727 3011 loi
737 2967 809 3012 Nemo
826 2971 912 3024 potest,
921 2979 951 3010 au

260 3034 353 3091 Bigeste
361 3033 393 3077 de
404 3033 460 3090 Leg.

831 3141 844 3183 7
