2700 3800
463 510 499 545 ns
520 492 686 545 Pnsssvnns
881 511 913 564 7¹

299 633 321 671 'e
337 615 398 687 hoe,
418 625 447 670 tn
461 615 512 689 qni
521 614 681 689 perdidisti
692 617 797 689 sermo
815 632 917 671 nasum

299 705 378 751 entes
403 695 431 750 in
452 694 555 769 patria
569 694 681 768 Syria,
699 694 756 751 nisi
769 695 880 752 scirent
893 705 921 750 te

299 785 384 831 fotam
402 775 493 831 vitam
512 783 592 829 tuam
605 774 706 848 fnisse
727 774 870 834 nutritum
891 775 919 830 in

299 855 322 910 'a
351 853 578 911 mendaciorum.
606 854 649 910 Et
680 864 771 925 certe,
801 864 834 910 nt
862 871 919 931 ego

299 952 318 989 n
335 934 388 990 tibi
402 950 511 1004 verum,
529 950 586 1010 ego
599 933 703 989 vellem
719 934 796 1009 qnod
815 945 845 990 tn
862 952 917 990 non

299 1014 366 1071 isses
388 1014 440 1070 hoc
463 1013 491 1069 in
512 1022 560 1069 tuo
581 1012 675 1069 libro:
695 1014 763 1088 qnia
778 1032 835 1089 ego
856 1014 918 1072 nidi

299 1093 403 1149 ’arium
425 1093 454 1148 in
474 1092 566 1149 oculis
588 1093 669 1149 meis,
684 1094 768 1149 Nam
784 1092 841 1169 ipsi
854 1093 916 1151 ela·

299 1181 387 1248 tpost
406 1172 478 1229 vitia
497 1171 582 1229 valde
603 1171 795 1230 terribiliter:
812 1183 843 1229 et
861 1190 916 1230 non

299 1251 374 1309 ibent
401 1252 583 1329 mortificare
605 1269 724 1309 carnem
745 1270 803 1327 per
825 1270 916 1309 exer-

299 1377 301 1393 .
325 1332 385 1390 imo
399 1333 520 1409 faciunt
536 1342 612 1389 totas
631 1332 781 1390 conciones
798 1333 834 1388 de
852 1332 915 1390 hoc.

299 1427 333 1467 tm
356 1412 497 1488 estquod
520 1411 578 1487 ipsi
599 1429 655 1469 non
680 1422 797 1491 cogant,
825 1430 916 1487 neque

299 1500 337 1547 mt
350 1492 426 1549 sieut
438 1491 545 1564 dadai,
564 1492 615 1566 qni
629 1491 821 1550 observabant
841 1492 912 1563 dies,

313 1570 386 1629 dicit
402 1573 534 1629 Paulus:
558 1588 650 1646 neque
671 1589 704 1629 se
726 1582 863 1630 saturant
886 1573 914 1630 in

299 1652 354 1723 dio,
367 1670 424 1727 pro
433 1652 561 1727 prandio
571 1662 599 1723 et
608 1669 699 1723 coena,
711 1654 787 1709 sicut
794 1653 915 1728 jaciunt

299 1747 321 1788 es
332 1731 396 1790 alii.
409 1733 451 1789 Et
462 1733 562 1788 dicant
575 1732 666 1789 etiam
679 1732 756 1809 qnod
766 1749 913 1790 summum

299 1810 363 1868 :inm
385 1821 502 1869 estnon
517 1813 626 1888 facere
647 1813 768 1883 maium,
792 1822 821 1868 et
838 1812 915 1887 qnod

299 1891 364 1949 ium
387 1910 442 1949 non
462 1902 507 1949 est
524 1892 709 1950 meritorium
726 1910 782 1968 per
799 1911 840 1962 se,
862 1891 914 1949 sed

313 1972 435 2047 prodest
456 1973 496 2029 ad
517 1973 687 2031 elevandum
714 1982 857 2030 mentem:
883 1982 913 2030 et

299 2061 360 2108 nint
367 2070 425 2129 pro
438 2069 470 2110 se
485 2053 644 2110 mirabilia.
662 2054 768 2128 Itaque
779 2070 836 2130 ego
850 2052 911 2111 rei-

299 2148 356 2207 pro
367 2143 463 2190 nestro
478 2133 593 2204 honore,
605 2151 662 2209 pro
674 2150 733 2190 nna
746 2133 818 2190 bona
826 2133 911 2210 pecia

299 2211 347 2281 nti,
362 2212 438 2287 qnod
450 2222 541 2270 totum
553 2214 606 2269 hoc
618 2231 673 2269 non
686 2223 762 2271 esset
775 2213 803 2269 in
816 2223 910 2270 restro

299 2291 386 2365 ‚qnia
392 2293 509 2367 salsum
524 2303 574 2349 est.
587 2293 647 2349 Sed
662 2293 750 2349 etiam
761 2302 910 2368 praterea

299 2380 326 2442 et,
355 2373 431 2447 qnod
457 2382 500 2428 est
525 2389 583 2428 nna
607 2373 766 2448 manifesta
789 2373 910 2433 heresis

299 2451 372 2507 idum
387 2451 559 2522 Sorbonam‚
576 2451 692 2528 quando
704 2452 815 2509 vocatis
827 2470 908 2509 man·

298 2532 444 2589 Ecclesia
456 2532 584 2590 Mobiies
594 2533 816 2608 praeceptiones.
831 2533 909 2602 Quia

299 2629 314 2668 c
319 2613 485 2688 propositio
494 2630 564 2669 nera
578 2624 629 2682 est,
649 2613 659 2667 i
662 2623 692 2670 ta
704 2623 735 2668 ut
744 2615 834 2684 jacet,
853 2613 910 2688 ipsi

299 2693 412 2748 ‘nerunt
428 2693 529 2751 statim
549 2693 760 2749 condemnandi
780 2693 910 2748 haretici

299 2772 329 2828 io
348 2783 499 2829 mutarunt
517 2774 633 2847 aliqua:
654 2772 707 2830 sed
725 2773 854 2847 oportuit
868 2773 909 2831 vi-

299 2951 333 3006 )u‚
343 2951 394 3006 pius
405 2958 552 3006 exactement,
565 2951 592 2994 de
603 2950 723 3006 Palestine‚
734 2963 773 2994 car
786 2949 802 2994 ii
812 2958 846 2996 est
855 2966 908 3009 pro·

299 3025 334 3068 {ue
345 3025 370 3056 oe
379 3026 436 3070 pays
443 3017 482 3057 est
494 3014 592 3059 Sodome
603 3014 640 3065 (N.
651 3013 684 3057 dn
698 3008 787 3068 Tradi.
