2700 3800
560 511 596 549 nu
616 494 784 550 Passuvuur
980 515 1015 572 27

323 619 480 696 probaret,
522 635 684 693 quanquam
718 636 818 676 omnes
848 619 917 675 bene
947 620 1021 677 seie-

330 701 425 756 bant:
450 699 532 767 adeo,
562 708 594 754 ut
618 716 716 755 omnes
738 700 827 773 pueri
849 699 957 757 vadant
984 700 1023 757 ad

328 780 427 854 sinapi
442 778 512 836 :sed
526 778 590 835 uiua
600 796 659 835 uox
674 780 772 854 magis
784 779 882 855 afficit,
899 791 929 836 et
944 791 1024 838 certe

330 862 401 917 bene
416 877 448 915 se
453 860 572 933 jactare
579 869 676 934 potest
688 858 764 934 quod
780 861 928 935 superavit
941 879 1022 937 spem

328 940 470 997 omnium.
484 941 528 995 Et
542 939 617 1012 quod
631 939 735 995 attinet
746 941 788 998 ad
798 942 930 1014 primam
941 959 1022 1017 pra·

329 1021 474 1075 dictarum
482 1019 704 1094 praefationum,
724 1037 788 1093 quoe
802 1020 944 1096 dirigitur
958 1024 1022 1078 Do-

329 1101 409 1156 mino
426 1097 646 1167 lesu-Christo,
659 1110 781 1174 apparet
797 1099 865 1155 bene
878 1102 953 1175 quod
966 1102 1023 1158 Do

329 1181 427 1237 minus
452 1178 659 1247 Nunc-Abbas,
682 1179 802 1254 quanvis
821 1180 1022 1253 meliussecis·

328 1270 374 1316 set
391 1259 534 1334 sequendo
553 1257 708 1315 consilium
732 1259 865 1333 defuncti
879 1261 1024 1336 Magistri

328 1341 423 1398 nostri
434 1342 483 1396 De
503 1340 627 1409 Quercu,
642 1338 693 1413 qui
705 1339 793 1408 dixit,
815 1349 881 1396 sunt
899 1339 1023 1416 triginta

328 1419 408 1490 anni,
422 1420 450 1474 in
463 1418 627 1480 Facultate‚
644 1419 759 1494 quodsi
774 1418 847 1474 tiber
858 1419 912 1475 iste
922 1419 1023 1494 impri-

329 1509 469 1566 meretur,
496 1516 550 1553 non
571 1499 690 1571 faceret
709 1499 776 1554 ‘nisi
797 1499 904 1575 facere
925 1500 1023 1557 ridere

328 1580 522 1646 Lutheranos,
543 1578 681 1653 quianon
699 1588 766 1633 erat
782 1578 840 1635 nisi
861 1580 1023 1656 Theologia

324 1660 429 1736 pelata
442 1658 477 1713 de
493 1657 682 1715 Cananibus:
704 1668 799 1714 tamen
815 1658 884 1714 bene
895 1660 974 1735 fecit
988 1660 1024 1717 de

329 1738 545 1797 communicare
554 1756 637 1795 sunm
649 1738 757 1793 librum
767 1740 1024 1815 Magistronostro

329 1818 460 1877 Domino
479 1818 652 1887 MaiHardo,
677 1818 727 1891 qni
752 1811 795 1875 est
820 1818 889 1874 bene
912 1818 1023 1891 doctus,

329 1899 401 1976 quia
427 1897 574 1956 Dominus
604 1901 751 1956 Erasmus
782 1898 874 1955 semel
903 1908 952 1955 ant
981 1897 1025 1957 bis

329 1979 451 2054 scripsit
464 1979 578 2035 adeum
594 1999 603 2033 .·
619 1989 655 2049 et,
674 1978 751 2053 quod
764 1990 808 2036 est
824 1979 914 2036 nodus
929 1988 1024 2036 mate·

330 2060 395 2129 riae,
420 2058 501 2115 dedit
522 2059 551 2114 ei
568 2060 722 2134 scyphum,
745 2059 822 2116 alias
842 2077 883 2115 un
907 2058 1025 2133 gobelet

333 2139 457 2196 Gallice.
482 2140 564 2194 Nam
591 2139 620 2195 in
642 2138 738 2208 initio,
770 2157 857 2214 quum
878 2138 1024 2195 Dominus

331 2221 445 2277 Doctor
462 2219 580 2293 Liqetus
590 2219 716 2293 fecisset
733 2219 839 2274 librum
859 2237 953 2287 suum,
974 2234 1024 2274 uo·

331 2298 419 2355 cabat
429 2316 494 2353 eum
506 2298 723 2354 Candelabrum
738 2298 873 2355 Ecclesiae
885 2299 1024 2354 adversus

332 2379 501 2434 daemonem
516 2375 724 2449 meridianum,
740 2389 769 2434 et
781 2387 882 2453 postea
894 2379 1024 2433 Turrem

332 2457 619 2532 quadrangularem:
642 2466 672 2512 et
690 2456 896 2514 intitulauerat·
905 2457 1023 2532 praefa·

333 2645 368 2690 ch.
383 2643 412 2688 30
426 2643 456 2688 du
473 2653 503 2687 1⁰¹
521 2643 576 2688 livre
585 2644 613 2688 de
630 2642 742 2690 Rabelais.
756 2643 774 2686 11
787 2643 820 2686 fut
833 2642 862 2687 du
879 2642 1025 2699 Colloquede

333 2706 426 2764 Poissy,
437 2713 458 2750 et
468 2706 522 2750 erait
531 2719 590 2762 pour
602 2706 648 2750 lors
662 2707 741 2762 Doyen
754 2704 780 2748 de
791 2705 811 2747 la
824 2704 922 2749 Faculte.

362 2787 392 2840 (3)
408 2786 426 2830 Il
439 2787 498 2843 u'ya
509 2786 591 2841 qu'une
601 2786 661 2830 seule
677 2787 741 2828 lettre
753 2784 869 2828 d'Erasme
884 2797 912 2828 au
924 2785 1024 2830 Docteur

333 2848 439 2892 Maillard
450 2848 560 2902 (Nicolao
576 2847 712 2901 Mallario),
729 2847 750 2889 la
762 2855 797 2900 ¹4⁸
808 2846 861 2890 dul.
882 2846 917 2890 25.
931 2847 978 2891 Elle
990 2854 1025 2891 est

333 2910 364 2954 du
375 2909 402 2954 28
413 2911 477 2954 Mars
494 2909 557 2967 1531,
570 2917 592 2953 et
602 2909 618 2952 il
637 2909 685 2952 faut
700 2920 743 2963 que
755 2921 779 2952 ce
796 2906 841 2952 soit
858 2908 971 2953 d’ailleurs
980 2922 1024 2964 que

333 2971 392 3015 Beze
404 2970 596 3017 savaitl'histoire
611 2971 643 3015 du
657 2969 759 3030 gubelet,
769 2982 807 3015 car
825 2976 882 3015 aette
896 2971 961 3015 lettre
972 2971 1021 3015 n'en

333 3033 367 3078 dit
378 3033 436 3079 rien.
