2700 3800
567 528 603 566 os
624 512 789 566 Passuvnus
969 511 1018 583 ¹7⁵

334 633 407 690 dicti
420 633 563 703 haretici,
585 634 643 691 nisi
653 633 841 706 fasciculos.9
862 632 937 689 Cum
954 634 1020 690 Do-

333 714 431 768 minus
448 713 736 787 Nuper-Proesidens
754 712 826 768 adeo
840 729 889 768 vos
904 710 1021 789 redigat

331 792 372 847 ad
386 809 516 861 cuneum,
537 802 568 858 ut
588 791 720 848 nesciatis
739 791 809 865 quil
824 792 1022 866 respondere?

334 870 422 940 Quod
433 881 528 926 autem
544 870 584 925 ita
595 871 642 940 sit,
656 881 736 944 patet
744 889 800 945 per
811 872 1020 928 conclusionem

332 949 538 1025 affirmativam
563 967 649 1024 quam
672 950 766 1024 ponit,
789 950 919 1005 uidelicet
946 950 1022 1024 quod

333 1044 496 1084 concessum
516 1039 558 1084 est
571 1029 713 1086 Ecclesiae
733 1028 852 1086 ducibus
874 1031 1022 1087 charisma
1067 1086 1072 1097 ¹.

332 1108 463 1183 Spiritus
483 1108 521 1163 ad
539 1109 668 1182 corporis
686 1108 913 1184 aedificationem,
931 1110 1020 1164 etiam

331 1188 361 1243 si
388 1186 499 1261 alioqui
523 1188 648 1261 maligni
667 1187 733 1244 sint.
762 1189 844 1243 Nam
869 1188 910 1242 ita
931 1189 1020 1261 etiam

334 1265 398 1341 lupi
406 1266 457 1340 qui
469 1276 535 1321 sunt
547 1266 672 1342 ingressi
681 1284 738 1341 per
746 1268 920 1341 fenestram,
935 1276 1022 1322 erunt

329 1354 473 1421 pastores,
489 1356 518 1401 et
528 1346 656 1420 Spiritus
672 1356 788 1402 sanctus
807 1346 864 1400 erit
877 1346 1021 1423 alligatus

329 1425 466 1500 personis
484 1434 513 1480 et
531 1425 663 1494 statibus,
680 1426 774 1499 juxta
787 1424 860 1479 illud
875 1445 883 1479 .·
899 1426 933 1480 In
956 1424 1020 1480 ani·

333 1521 414 1560 mam
429 1504 588 1577 malignam
603 1521 665 1559 non
681 1503 804 1559 intrabit
822 1503 977 1578 sapientia.

375 1801 844 1859 Veniamusaldecimumsextum
854 1800 1019 1875 Capitulum

334 1882 363 1938 in
389 1892 495 1956 quotu
517 1881 560 1938 ris
579 1881 706 1955 probare
723 1880 1021 1956 quod'interpretatio

330 1962 496 2037 Scriptura
501 1961 629 2035 pertinet
639 1960 679 2015 ad
687 1961 823 2016 verticem
837 1963 1019 2017 Romanum:

334 2042 382 2098 cui
404 2040 613 2115 responderunt
637 2039 711 2094 milti
734 2057 790 2112 per
814 2039 966 2110 articulos,
991 2049 1020 2095 et

334 2120 418 2194 quasi
431 2119 592 2187 Sorbonice‚
607 2118 752 2174 dicentes:
767 2119 818 2175 Sic
832 2129 1035 2194 argumenta--

336 2210 384 2255 tur
409 2198 554 2255 Dominus
578 2197 847 2254 Malo-Prasidens
863 2218 871 2252 :
890 2197 1020 2272 Spiritus

335 2287 451 2335 sanctus
469 2276 654 2351 promittitur
666 2276 807 2332 Ecclesia
819 2293 838 2331 a
853 2277 970 2333 Christo
981 2277 1020 2332 ad

336 2355 582 2431 interpretandum
593 2372 657 2428 qnae
665 2354 793 2411 dixerat.
803 2357 890 2432 Ergo
893 2356 1021 2429 pertinet

337 2435 537 2511 interpretatio
558 2435 596 2489 ad
618 2434 791 2490 Ecclesiam.
820 2435 1019 2504 Concedimus,

336 2526 364 2570 et
390 2515 454 2571 ideo
475 2513 610 2582 dicimus,
639 2514 715 2584 quod
741 2514 940 2588 interpretatio
967 2530 1022 2570 non

332 2594 461 2669 pertinet
470 2592 509 2648 ad
517 2594 630 2667 Papam
645 2602 673 2647 et
684 2594 746 2665 ejus
756 2592 890 2662 asseclas,
906 2593 1022 2668 quinon

336 2683 403 2730 sunt
423 2671 564 2738 Ecclesia,
588 2670 657 2743 quia
678 2689 732 2727 non
753 2672 857 2732 liabent
876 2671 1022 2746 Spiritum

337 2763 468 2810 sanctum
487 2772 495 2806 :
517 2751 592 2826 quod
616 2760 713 2806 antem
739 2769 793 2807 nou
814 2750 936 2806 habeant
953 2751 1022 2824 Spi-

339 2833 429 2888 ritum
451 2841 590 2900 sanctum,
604 2839 687 2904 patet
703 2848 743 2886 ex
757 2831 820 2886 hoc.
837 2831 906 2884 Non
926 2830 1022 2886 omnis

339 2911 391 2985 qui
405 2910 495 2968 intrat
509 2910 541 2966 in
555 2908 705 2965 stabulum
726 2923 768 2965 est
783 2920 891 2981 pastor,
908 2910 958 2965 sed
971 2908 1021 2965 ille

340 2989 391 3064 qui
412 2988 532 3067 intravit
550 3006 603 3062 per
626 2987 734 3044 ostium
756 3005 761 3043 :
782 2998 811 3043 et
834 2988 1019 3063 exipsorum
