2700 3800
570 526 606 565 os
626 508 791 564 Pssssvsun
972 526 1023 581 ¹¹7

334 641 386 701 tor,
401 641 546 707 quatenus
564 631 791 707 per‘praedictas
808 630 1023 689 consuetudines

333 710 485 782 Ecclesia,
502 719 533 765 tu
548 709 693 785 intelligis
708 710 875 768 idolatriam
888 710 1023 785 turpissi-

334 807 420 861 mam,
438 799 468 845 et
476 789 662 865 foedissimas
684 789 897 858 incantationes,
921 790 1023 865 quibus

333 879 397 926 sunt
410 870 523 944 insecta
536 878 722 926 sacrosancta
741 870 933 927 Sacramenta
950 870 1022 927 lesu

334 947 458 1006 Christi.
474 949 558 1005 Nam
571 948 647 1023 qnod
657 958 769 1022 spectat
786 949 825 1003 ad
843 948 1022 1012 communio-

334 1044 395 1084 nem
411 1026 557 1103 Corporis
571 1037 599 1083 et
609 1028 771 1101 Sanguinis
784 1027 914 1093 Domini,
931 1044 1021 1101 qinon·

326 1106 366 1163 do
387 1106 505 1163 Paulus
530 1106 609 1173 dicit,
631 1106 721 1176 Quod
741 1105 840 1179 accepi
858 1123 875 1162 a
891 1106 1021 1162 Domino

332 1185 386 1242 hoc
400 1198 433 1243 et
445 1184 554 1241 tradidi
565 1184 649 1241 vobis
665 1201 672 1241 ε
686 1185 785 1242 dicunt
793 1185 868 1259 quod
869 1187 1021 1260 frangant

325 1264 383 1321 tili
407 1264 515 1321 collum
533 1264 590 1321 ista
610 1265 706 1334 uerba,
729 1275 759 1320 et
772 1265 904 1321 omnibus
916 1265 1017 1341 Papis,

332 1344 378 1418 qui
396 1343 560 1401 debuerunt
572 1361 608 1401 ea
621 1344 737 1401 demum
751 1345 875 1415 tradere,
892 1361 957 1419 quae
969 1360 1020 1399 ac-

331 1431 468 1498 ceperunt
481 1440 501 1478 a
520 1423 647 1493 Christo,
671 1441 727 1479 non
745 1433 842 1480 anetem
864 1423 1020 1498 fabricare

331 1503 411 1560 mille
425 1502 523 1558 millia
537 1502 718 1578 impietatum
731 1522 773 1559 ex
788 1503 956 1578 suocapite,
974 1504 1019 1560 vel

327 1599 379 1655 per
403 1581 611 1640 revelationem
633 1592 829 1650 mortuorum,
858 1581 1020 1657 dequibus
1117 1582 1120 1587 ’

331 1662 456 1737 loquitur
470 1662 594 1735 Moyses
610 1661 639 1717 in
653 1679 705 1718 suo
719 1662 818 1736 quinto
831 1661 915 1718 libro.
932 1663 1018 1719 Pra-

331 1750 408 1798 terea
421 1739 531 1811 dicunt,
548 1740 624 1815 quod
636 1741 663 1798 si
686 1751 716 1796 tu
730 1742 850 1798 haberes
866 1750 908 1796 tot
922 1740 1018 1798 oculos

330 1819 354 1876 in
369 1820 530 1890 intellectu,
545 1830 614 1894 quot
629 1830 659 1878 tu
675 1819 745 1876 bene
757 1820 886 1876 lucratus
900 1837 931 1876 es
944 1820 1018 1875 ictus

328 1898 445 1977 flagelli
468 1917 523 1973 per
548 1899 689 1974 compita,
717 1908 748 1956 tu
773 1899 887 1958 rideres
911 1897 1016 1955 ibidem

329 1979 454 2055 Paulum
469 1978 572 2034 docere
589 1978 659 2053 quid
673 1979 817 2054 acceperit
839 1997 857 2034 a
877 1978 1014 2048 Domino,

328 2056 444 2114 rabum
467 2057 507 2115 ad
529 2057 658 2114 uerbum.
683 2059 765 2114 Nam
790 2056 872 2127 illud,
903 2058 1017 2115 Caetera

328 2135 481 2211 disponam
503 2152 598 2209 quum
621 2153 741 2205 venero,
764 2136 861 2195 dicunt
881 2154 936 2192 non
955 2153 1017 2195 esse

329 2213 550 2291 intelligendum
570 2231 659 2289 neque
685 2215 722 2272 de
748 2216 846 2286 calice,
874 2233 963 2290 neque
980 2216 1017 2272 de

327 2303 436 2366 patera,
461 2310 552 2369 neque
572 2293 607 2351 de
621 2295 777 2369 corporali,
803 2312 893 2370 neque
913 2295 949 2350 de
963 2294 1014 2351 bu·

283 2370 285 2385 '
329 2372 404 2441 retis,
420 2389 513 2446 neque
526 2372 563 2430 de
575 2375 688 2430 caeteris
695 2374 891 2449 ferramentis
903 2374 1014 2433 abomi-

329 2451 430 2510 nabilis
443 2451 557 2520 Missa,
580 2452 632 2510 sed
646 2451 683 2508 de
702 2453 903 2528 differentibus
922 2453 1015 2511 variis

330 2531 373 2602 qui
397 2540 626 2607 supervenerant
641 2531 669 2587 in
685 2531 820 2588 Ecclesia
844 2532 1013 2589 Corinthio-

331 2624 399 2677 rum,
414 2620 442 2666 et
454 2609 490 2667 de
499 2610 611 2682 ritibus,
623 2620 651 2666 et
659 2610 761 2670 ordine
769 2621 919 2668 extraneo.
931 2614 1012 2669 Nam

332 2689 399 2758 quod
406 2687 447 2745 ad
461 2689 633 2758 doctrinam,
644 2689 756 2747 Paulus
763 2691 830 2763 jam
845 2701 889 2747 est
898 2701 1013 2765 protes-

334 2773 409 2837 tatus,
425 2784 490 2825 sese
502 2786 556 2825 non
568 2769 699 2844 potuisse
718 2787 807 2844 neque
822 2768 946 2829 noluisse
958 2769 1012 2827 ad-

334 2843 392 2901 dere
403 2862 539 2923 grossum
560 2848 608 2904 sui
627 2848 734 2924 unguis
751 2849 790 2905 ad
808 2865 842 2904 ea
855 2866 918 2922 quae
928 2866 1012 2905 acce-

333 2936 437 2993 perata
454 2927 584 2984 Christo.
598 2927 676 2996 Quia
692 2945 746 2983 non
761 2937 825 2983 erat
840 2937 899 2985 tam
911 2930 1014 2986 audax

336 3016 412 3077 neque
426 3015 485 3062 tam
500 3007 617 3082 effrons,
640 3023 727 3080 quam
750 3006 909 3065 Sodomita
921 3010 1013 3084 Papae
