2700 3800
572 516 607 553 oe
628 498 794 555 Pnssnvnnr
996 501 1034 557 65

337 634 410 698 Vos,
438 631 553 689 etiamsi
575 648 630 688 non
652 632 772 689 sitnisi
791 632 889 688 unus?
909 634 1038 708 Propter

338 713 487 780 honorem,
509 711 590 766 dixit
607 710 693 780 aliur,
704 712 800 786 juxta
818 710 913 768 illul.-
927 713 1038 768 Amant

337 791 376 846 ab
395 790 559 847 hominibus
578 791 676 847 vocari
698 791 789 861 rabbi,
807 809 865 866 per
883 792 1035 848 humilita-

338 880 397 925 lem
422 870 621 927 Sorbonicam.
646 872 725 940 Non,
751 888 814 940 non,
842 870 924 926 dixit
945 872 1033 940 alius,

338 968 394 1027 ego
415 948 484 1005 bene
506 950 566 1007 scio
585 968 672 1005 unam
686 949 778 1006 aliam
798 951 940 1006 rationem
959 954 1035 1008 Tro-

333 1029 507 1106 pologicam
518 1030 607 1106 :quia
616 1030 690 1087 sicut
701 1047 772 1086 unus
784 1030 869 1086 homo
881 1041 925 1088 est
931 1033 1036 1106 sactus

338 1128 380 1165 ex
398 1126 522 1183 corpore
544 1119 574 1165 et
597 1110 706 1179 anima,
731 1110 775 1168 sic
797 1126 870 1165 unus
892 1111 1036 1187 magister

337 1198 444 1259 noster,
459 1189 619 1263 quinetiam
635 1206 709 1245 unus
729 1190 868 1245 minimus
886 1190 980 1248 socius
999 1189 1035 1246 de

336 1268 479 1338 Sorbona,
504 1278 547 1325 est
561 1270 666 1344 sactus
689 1286 730 1325 ex
748 1270 864 1326 homine
887 1278 916 1324 et
933 1270 1033 1325 asino:

336 1358 366 1404 et
387 1348 431 1403 ila
452 1348 492 1403 ad
514 1348 675 1421 minimum,
702 1349 818 1406 etiamsi
839 1349 955 1405 nonsit
978 1349 1035 1405 nisi

335 1445 420 1497 rmus,
442 1428 580 1503 supponit
587 1445 645 1503 pro
659 1428 778 1498 dicotur,
797 1428 827 1484 id
844 1438 897 1496 est,
908 1446 966 1504 pro
980 1430 1032 1484 ho-

335 1508 417 1563 mine
425 1517 453 1564 et
463 1508 554 1577 asino,
565 1518 595 1564 et
606 1509 648 1580 ita
658 1518 772 1584 oportet
779 1509 825 1564 illi
836 1507 1031 1565 dicereVos.»

334 1680 391 1712 cere
410 1679 523 1724 unquam,
544 1680 587 1712 nec
604 1668 694 1725 eloqui,
711 1682 740 1713 ac
758 1682 789 1713 ne
801 1669 919 1726 proloqui
935 1668 1032 1726 quidem

332 1730 432 1786 possim,
445 1730 560 1775 ONoster
579 1730 681 1785 Erasme,
699 1732 780 1787 moJor
791 1731 854 1775 enim
870 1731 932 1775 milti
941 1731 1032 1785 videre,

334 1796 361 1835 et
375 1804 447 1848 quam
465 1797 492 1836 ul
504 1804 579 1837 meum
591 1797 614 1836 le
633 1793 759 1850 appellem,
777 1806 828 1837 cum
845 1793 954 1837 omnibus
970 1793 1032 1838 NO—

333 1853 429 1899 STRIS·
447 1854 586 1899 onustatis
603 1866 652 1899 esse
660 1855 746 1913 possis.
767 1856 832 1912 Quin
849 1859 873 1899 et
886 1855 1031 1912 usqueadeo

330 1917 554 1974 publicusscriplls
573 1918 622 1962 tuis
635 1918 723 1974 sactus
739 1931 771 1972 es,
790 1924 817 1963 ut
834 1930 902 1961 nerno
918 1919 966 1961 sibi
975 1919 1031 1974 pri·

331 1980 408 2024 vatim
423 1979 549 2023 vindicare
558 1985 581 2023 te
591 1981 676 2036 possit.
689 1982 722 2024 De
733 1983 813 2037 meme,
824 1981 857 2024 les
867 1980 1030 2024 Sorbonnistes

331 2055 360 2086 en
373 2043 473 2099 general,
484 2049 506 2086 et
517 2049 593 2086 autres
611 2042 765 2100 Theologiens
782 2042 929 2098 Catholiques
948 2041 1031 2086 etaient

332 2106 426 2160 reputes
438 2105 503 2148 s'ttre
515 2105 627 2149 tellement
645 2105 714 2150 livres
727 2118 756 2149 au
769 2104 855 2160 Public,
872 2117 901 2147 ou
919 2117 959 2161 par
969 2105 1029 2147 leurs

331 2164 410 2222 ecrite,
429 2179 459 2210 ou
480 2179 521 2223 par
542 2167 563 2210 ln
580 2166 732 2223 predication,
751 2179 794 2223 que
813 2166 891 2211 traiter
908 2166 1028 2223 quelqu'un

330 2228 419 2272 d'entre
428 2241 472 2272 eux
483 2228 510 2272 de
519 2225 692 2284 Mon-Mailre,
702 2230 740 2272 etit
751 2231 819 2286 passe
836 2241 894 2285 pour
906 2241 949 2271 une
967 2226 1027 2271 veri-

328 2290 390 2335 table
402 2289 536 2346 usurpation
547 2291 578 2335 du
590 2291 640 2335 bien
652 2290 756 2335 d'autrui.
822 2332 826 2338 ,

359 2380 401 2439 (2),
420 2379 496 2423 Marot
508 2381 562 2423 n'est
573 2393 614 2436 pas
627 2380 672 2424 sort
686 2380 774 2438 eloignl
784 2381 810 2424 de
823 2393 847 2424 ce
859 2378 957 2436 principe
970 2378 1026 2422 dans

329 2453 374 2485 son
384 2440 530 2498 Epigramme
548 2454 591 2486 sur
601 2442 783 2486 l’Ordonnance
798 2455 845 2498 que
857 2444 880 2486 le
898 2441 944 2484 Roi
947 2440 980 2496 fit
998 2440 1027 2483 de

327 2503 409 2547 bastir
418 2502 433 2546 o
443 2503 517 2547 Paris
526 2515 584 2548 avec
591 2505 747 2561 proportion.
762 2507 794 2549 La
803 2505 862 2549 voici
874 2517 879 2547 ε

413 2593 445 2637 Le
458 2591 500 2636 Roi
512 2593 597 2636 aimant
606 2595 626 2636 la
639 2593 769 2638 decoration

413 2653 448 2699 De
458 2667 499 2698 son
512 2654 585 2710 Paris,
598 2662 660 2699 entre
671 2663 747 2699 autres
758 2656 821 2700 biens
832 2656 933 2700 ordonne

412 2717 487 2772 Qu'on
499 2731 514 2774 y
527 2716 621 2760 bastisse
634 2731 688 2760 avec
698 2718 838 2774 proportion‚

412 2778 441 2822 Et
450 2791 509 2834 pour
518 2790 542 2822 ce
552 2778 607 2823 taire
617 2787 696 2835 argent
707 2786 729 2822 et
736 2779 819 2823 conseil
830 2780 917 2824 donne:

412 2840 502 2884 Maison
512 2841 539 2884 de
549 2840 608 2885 Ville
618 2855 632 2898 y
642 2841 753 2886 construit
763 2843 818 2886 belle
828 2850 850 2885 et
860 2843 932 2886 bonne
942 2855 947 2884 z

412 2903 457 2946 Les
467 2901 527 2946 lieux
539 2903 625 2959 publios
636 2903 712 2947 devise
724 2911 775 2947 tous
788 2917 916 2960 nouveaux,

412 2965 482 3008 Entre
493 2966 590 3021 lesquels
600 2978 629 3009 au
642 2965 719 3010 milieu
729 2967 755 3010 de
768 2966 886 3011 Sorbonne

412 3025 475 3083 nott,
485 3039 510 3071 ce
522 3026 605 3084 dit-on,
619 3028 673 3072 taire
685 3029 707 3072 la
720 3029 785 3076 Place
797 3041 842 3072 aux
855 3041 935 3072 venux.

921 3125 946 3172 6.
