2700 3800
562 515 599 552 na
619 495 786 553 Pnssnvnns
967 513 1014 567 ¹4¹

328 637 386 697 gas
398 629 501 677 contra
516 628 544 675 te
555 635 640 694 quam
648 636 706 694 pro
721 629 758 676 te.
777 619 817 675 Ut
831 627 916 692 patet
929 617 1018 673 etiam

330 711 391 757 tam
406 699 488 756 clare
501 698 576 773 quod
585 699 689 773 plenus
701 699 846 767 meridies,
863 696 976 772 quando
990 706 1020 752 tu

330 778 413 847 dicio,
430 779 507 852 quod
526 777 609 848 illud,
628 779 748 834 Frustra
764 794 812 833 me
825 777 929 833 colunt
939 792 1020 831 man·

330 856 408 914 datis
426 856 585 916 hominum
612 869 641 913 et
667 856 831 926 doctrinis‚-
845 866 873 912 et
897 854 1017 923 similia,
1057 903 1060 910 .

333 946 446 994 tontum
460 935 638 1011 intelligitur
651 936 689 992 de
708 936 853 993 mandatis
865 935 1020 999 contrariis

332 1033 373 1072 ex
387 1016 529 1091 opposito.
545 1016 626 1071 Nam
640 1026 772 1089 quierunt
783 1015 833 1071 ubi
855 1025 885 1071 tu
908 1014 1021 1088 reperis

332 1097 421 1153 istam
441 1094 567 1168 glesum,
585 1112 687 1169 nempe
698 1095 727 1150 in
740 1096 832 1169 saluo
844 1094 971 1155 cerebro.
993 1103 1021 1148 et

333 1174 397 1231 ideo
421 1173 540 1230 deberet
564 1174 661 1230 valere
680 1174 709 1229 in
728 1174 910 1248 temetipsum
937 1172 1018 1241 illud,

331 1253 408 1329 quod
419 1247 454 1309 tn
468 1253 530 1328 ipse
543 1253 616 1310 citos
629 1271 671 1309 ex
683 1255 789 1310 Mose:
806 1250 954 1325 Propheta
969 1251 1022 1325 qui

331 1330 501 1406 arrogantia
528 1332 703 1406 depravatus
729 1331 858 1389 voluerit
883 1330 966 1405 loqui
987 1329 1020 1386 in

327 1411 457 1469 nomine
466 1428 546 1483 meo,
563 1428 630 1484 quae
649 1428 703 1485 ego
718 1429 780 1468 non
790 1410 915 1485 praecepi
930 1410 973 1468 illi
987 1422 1021 1465 ut

330 1492 460 1564 doceret,
481 1489 684 1550 interficietur.

365 2439 428 2497 Die
450 2439 554 2515 igitur,
576 2441 704 2499 Domine
722 2442 1018 2518 Nuper-Praesidens,

332 2520 399 2577 istae
411 2520 583 2595 frequentes
605 2520 762 2578 lavationes
780 2522 881 2595 quibus
901 2523 1020 2578 uteban-

332 2608 382 2654 tur
407 2598 563 2669 Phorisoer',
587 2609 723 2674 putantes
750 2618 814 2658 sese
837 2603 926 2658 etiam
946 2620 1020 2675 pur-

321 2693 409 2753 ⁸gare
441 2677 655 2747 conscientiam,
688 2679 776 2736 sicuti
810 2681 894 2736 hodie
913 2681 1021 2755 soritis

332 2756 370 2812 de
386 2773 464 2830 aqua
485 2755 640 2828 benedicta,
664 2769 784 2817 eruntne
805 2761 960 2815 eontrariae
981 2777 1022 2816 ex

332 2834 465 2911 opposito
491 2836 570 2912 Legi
589 2837 649 2896 Dei
677 2838 706 2892 in
730 2848 825 2896 vestro
850 2839 1022 2896 intellectu?

333 2923 431 2971 tarnen
446 2914 583 2973 Christus
602 2916 670 2974 illas
690 2917 802 2987 irridet,
826 2928 854 2973 et
872 2917 943 2975 dicit
959 2936 1021 2977 esse

332 3010 432 3062 nonas,
447 2993 524 3052 sicut
543 2995 629 3054 alias.
651 2996 735 3053 Etsi
752 2997 889 3056 voluisset
905 3010 1022 3055 sanctos
