2700 3800
495 532 531 568 on
552 514 718 570 Passavnnr
915 517 951 587 45

258 640 358 708 batur,
385 656 440 693 non
455 638 556 713 saciat
576 637 671 694 nihil:
696 640 765 712 quia
782 640 867 697 ualde
886 640 955 697 bene

250 719 369 795 fundat
382 718 580 774 hierarchiam
603 719 753 790 Ecclesia,
775 720 803 775 in
825 737 882 795 qua
902 720 954 775 do-

257 800 358 855 minus
376 798 680 873 Nuper-Praesidens,
703 799 758 855 etsi
778 800 817 855 sit
841 809 953 855 tantum

257 877 471 948 Nunc-AbbaS,
490 888 587 933 tamen
604 878 673 953 quia
687 879 819 934 uoluntas
835 889 952 953 reputa-

260 969 310 1013 tur
330 975 386 1031 pro
401 958 496 1031 sacto,
521 976 578 1033 ego
601 976 655 1013 non
679 958 778 1014 dubito
800 959 876 1034 quod
898 977 952 1014 non

233 1050 237 1056 “
258 1039 299 1095 sit
311 1038 340 1093 in
347 1055 462 1094 summo
471 1037 570 1113 gradu
582 1058 590 1091 :
599 1038 766 1111 prasertim
774 1056 839 1094 cum
850 1038 953 1094 habeat

258 1134 364 1173 nasum
391 1116 586 1173 Cherubinum
605 1127 657 1172 aut
674 1118 883 1191 seraphinum,
904 1118 953 1193 qui

260 1207 305 1254 cst
318 1213 470 1272 supremus
488 1196 560 1252 ordo
576 1196 771 1273 Angelorum,
789 1198 816 1253 si
832 1197 953 1253 creden-

259 1277 332 1332 dum
353 1285 397 1331 est
416 1275 565 1349 Dionysio
583 1275 630 1331 illi
650 1277 701 1351 qui
719 1277 799 1352 fecit
816 1277 952 1332 Inventa·

260 1357 340 1412 rium
349 1355 508 1430 paradysi.
522 1356 565 1412 Et
578 1355 618 1411 ad
623 1356 820 1431 propositum,
834 1356 862 1412 si
872 1356 952 1413 volu-

261 1452 326 1492 mus
334 1436 461 1491 Decreta
469 1434 588 1491 credere
597 1435 672 1510 quod
682 1435 748 1491 dom
753 1436 817 1491 inus
823 1436 952 1509 Lyseuis

260 1514 339 1571 tanti
351 1514 487 1585 astimat,
505 1514 581 1589 quod
592 1514 661 1590 quia
681 1515 710 1570 in
729 1516 790 1590 ipso
808 1515 877 1571 hene
889 1526 951 1572 stu-

259 1596 334 1665 duit,
357 1604 446 1668 putat
468 1611 500 1650 se
522 1594 611 1650 etiam
638 1594 715 1650 scire
747 1595 949 1671 Theologiam,

260 1676 320 1731 ista
341 1673 486 1729 distinctio
509 1674 715 1743 Sacerdotum,
742 1692 798 1749 qua
822 1674 953 1732 nituntur

258 1753 401 1829 Papistae,
419 1762 462 1809 est
484 1752 614 1808 maxime
630 1753 794 1809 introducta
814 1770 832 1808 a
850 1755 950 1810 Genti·

261 1834 344 1903 libus,
363 1832 433 1888 Can.
452 1832 593 1889 Decretis.
610 1832 678 1889 dist.
698 1852 760 1902 21,
782 1843 811 1889 ct
827 1834 952 1909 proinde

259 1924 363 1971 contra
369 1922 549 1989 praeceptum
561 1914 720 1969 Deuteron.
732 1914 761 1968 E
764 1923 775 1968 t
785 1923 857 1969 teste
869 1913 951 1970 beato

260 1995 313 2051 illo
334 1993 422 2050 stulto
441 2001 470 2048 et
490 1992 604 2047 indocto
628 1993 751 2061 Isidoro,
777 1993 951 2066 Metropoli·

259 2085 350 2130 tanus
371 2072 482 2128 dicetur
501 2088 520 2127 a
541 2088 680 2127 mensura
703 2070 868 2142 civitatum,
888 2090 952 2146 quae

259 2164 304 2210 est
319 2168 377 2207 una
394 2170 435 2207 ex
455 2151 598 2208 maximis
616 2150 788 2208 veritatibus
807 2151 949 2207 Decreti:

259 2243 288 2289 ct
303 2241 380 2288 totus
393 2232 448 2288 iste
462 2231 564 2288 Canon
579 2240 624 2288 est
636 2230 781 2286 mirabilis
790 2231 829 2286 ad
832 2231 950 2304 sacien-

258 2313 330 2368 dum
346 2311 444 2367 ridere
456 2310 578 2386 lapides,
590 2310 650 2367 Sed
664 2310 693 2366 in
705 2327 805 2369 canon.
821 2311 856 2366 In
868 2322 950 2367 nono

258 2403 303 2450 est
318 2408 374 2447 una
389 2390 533 2446 mirabilis
547 2389 674 2460 haeresis,
699 2406 765 2465 qua’
783 2389 855 2445 dicit
876 2391 951 2465 quod

257 2543 321 2598 solio,
329 2555 359 2586 on
371 2541 410 2586 lit:
420 2542 442 2585 ic
449 2541 570 2599 seigneur
579 2540 609 2584 de
616 2540 702 2596 Brion,
712 2539 808 2584 Amiral
814 2540 845 2584 de
854 2540 955 2585 France·

258 2610 282 2648 et
293 2609 378 2648 autres
386 2603 505 2661 presente.

286 2668 316 2722 (1)
334 2668 365 2710 Le
384 2665 492 2722 pritendu
504 2665 575 2709 Denis
594 2663 740 2721 Areopagite,
752 2663 809 2707 dans
826 2677 863 2707 ses
882 2665 949 2710 liures

259 2729 285 2772 de
297 2730 319 2772 la
330 2726 479 2772 Hierarchie
492 2727 592 2774 Cilcste.
867 2774 874 2788 st

285 2792 316 2846 (2)
331 2789 427 2845 Isidore,
437 2789 582 2845 Archevique
593 2789 621 2833 de
634 2788 725 2844 Seville,
737 2788 794 2832 dans
804 2801 840 2832 ses
852 2790 949 2846 Erymo·

260 2853 342 2910 logice.
356 2851 418 2896 C'est
428 2863 456 2894 en
472 2863 508 2894 ces
520 2851 626 2894 notiores
639 2852 659 2893 le
671 2850 741 2906 grand
759 2851 839 2894 Oracle
850 2852 890 2895 des
902 2852 948 2897 Ca-

259 2913 369 2969 nonistes,
379 2919 402 2956 et
413 2914 466 2956 c'est
478 2913 505 2957 de
514 2911 567 2968 quoi
580 2925 610 2955 on
620 2911 683 2956 raillc
696 2911 723 2954 ici
737 2912 799 2954 Lizet
810 2912 847 2968 qui
858 2927 881 2957 se
892 2915 948 2958 don·

258 2977 305 3019 nait
316 2988 375 3032 pour
393 2974 523 3019 Canoniste.
540 2974 618 3031 Voyez
637 2975 657 3017 le
669 2974 747 3020 Lexic.
763 2974 867 3022 duridic.
880 2977 947 3021 Calo.

258 3051 287 3082 au
300 3045 349 3082 mot
362 3037 512 3093 Metropolit.
