2700 3800
470 499 507 537 os
528 482 692 538 Ptsstvuus
873 480 922 536 113

232 618 299 672 tem,
316 606 375 681 ipsi
389 606 491 662 dicunt
503 604 579 679 quod
589 605 798 679 Hieronymus
812 620 861 660 uos
874 602 924 659 de-

232 686 372 743 mentitur
392 683 527 759 turpiter,
544 684 694 740 ostendens
715 683 856 758 quomodo
876 681 926 738 ille

232 765 304 822 nilril
316 764 445 828 sciverit,
473 772 503 820 et
522 764 623 839 fuerit
640 762 728 820 etiam
744 760 922 835 Origenista.

232 845 336 919 ltaque
348 844 377 901 si
390 842 506 912 uellent,
516 851 591 901 esset
602 842 684 899 testis
693 839 923 899 inadmissibilis.

232 924 289 981 Sed
303 932 412 990 tamen,
430 920 556 979 atrabis
574 920 694 995 saciant
709 919 862 996 placitum,
878 919 924 975 di·

231 1012 305 1072 cunt,
324 1002 403 1076 quod
416 1010 561 1076 utsupra,
580 1009 610 1056 tu
624 1000 756 1075 disputas
770 1000 806 1056 de
824 1016 882 1055 una
892 1016 925 1055 re

232 1099 293 1155 quae
306 1097 365 1138 nou
380 1088 508 1156 negatur
524 1099 532 1136 .·
547 1080 623 1154 quod
635 1079 745 1136 scilicet
758 1096 812 1135 non
827 1094 925 1135 omnes

232 1158 407 1216 traditiones
434 1159 561 1232 suerunt
590 1158 718 1233 scripta.
746 1158 790 1214 Et
814 1156 921 1223 dicunt,

232 1239 304 1313 quod
305 1254 366 1314 per
375 1238 429 1294 hoc
442 1254 497 1294 non
512 1236 690 1295 inualidatur
696 1238 922 1312 fundamentum

232 1335 342 1384 eorum,
359 1317 437 1392 qnod
445 1333 621 1392 quacunque
633 1326 701 1373 sunt
712 1315 874 1374 necessaria
886 1315 925 1371 ad

232 1397 366 1465 salutem,
393 1405 461 1453 sunt
487 1395 630 1470 scripta:
659 1412 726 1450 nam
753 1394 924 1451 traditiones

234 1476 294 1534 istae
316 1492 374 1533 non
399 1474 528 1550 scripta,
546 1484 613 1532 sunt
626 1491 674 1531 res
689 1474 816 1541 mobiles,
828 1474 925 1548 sacta

230 1564 351 1631 propter
360 1552 502 1623 ordinem,
513 1570 569 1609 non
576 1563 697 1629 propter
705 1552 922 1610 conscientiam:

231 1632 366 1690 doctrina
380 1641 479 1689 autem
493 1631 637 1708 estfirma
652 1643 680 1689 et
693 1632 865 1689 certissima.
882 1631 925 1686 Et

232 1721 377 1786 praeterea
393 1721 498 1768 uestra
519 1712 698 1780 traditiones,
719 1729 791 1786 quas
815 1710 924 1769 uocatis

234 1790 428 1865 Apostolicas,
442 1807 497 1860 non
511 1801 579 1846 sunt
597 1802 692 1848 tamen
706 1811 714 1845 .·
729 1792 781 1848 sed
797 1790 923 1864 Aposto-

236 1870 305 1941 tica,
324 1885 461 1928 unacum
476 1869 627 1941 Doctrina,
643 1888 708 1945 qua
722 1879 765 1927 est
779 1870 923 1929 inventum

236 1949 333 2027 Papa,
345 1948 529 2008 diabolorum
539 1960 569 2006 et
577 1951 720 2008 sociorum
729 1951 799 2025 ejus.
808 1948 924 2006 Habes·

237 2038 273 2101 tu,
288 2029 419 2086 Domine
432 2028 658 2086 Nunc-Abbas?
885 2049 887 2052 ⁴

269 2108 430 2166 Veniamus
444 2107 484 2165 ad
492 2107 662 2182 Capitulum
674 2107 865 2171 undecimum,
876 2106 926 2163 ubi

238 2201 265 2243 se
288 2186 450 2262 discoperit
481 2196 580 2244 restra
610 2187 741 2246 mulitas.
757 2186 922 2252 liburnica,

238 2265 293 2323 siue
319 2265 445 2323 asinitas
473 2265 635 2334 Arcadica,
663 2265 782 2339 quanvis
810 2264 876 2322 sitis
894 2264 924 2320 in

237 2344 414 2417 processibus
427 2343 610 2403 secularibus
622 2344 831 2420 multumfinis.
841 2345 924 2400 Nam

239 2422 271 2479 td
277 2423 463 2498 probandum
474 2424 551 2499 quod
563 2423 654 2481 multa
665 2434 732 2481 sunt
747 2423 775 2477 in
789 2422 925 2480 Ecclesia

241 2517 274 2559 tx
291 2502 499 2579 Apostolorum
520 2502 677 2559 traditione
697 2503 840 2571 instituta,
860 2518 925 2576 quoe

241 2597 287 2641 mn
300 2591 369 2641 sunt
388 2581 418 2638 in
438 2582 602 2658 Scriptura,
633 2591 663 2637 tu
679 2581 781 2655 adsers
791 2580 923 2656 primum

242 2661 326 2719 multa
337 2678 382 2717 ex
391 2660 569 2737 Augustino.
586 2661 635 2717 Ad
647 2662 723 2735 quod
735 2659 792 2735 ipsi
805 2675 923 2733 respon·

243 2735 301 2795 dent
314 2739 343 2797 in
364 2757 483 2816 genere.
501 2739 584 2814 quod,
602 2740 678 2797 sicut
702 2755 793 2813 supra
814 2738 923 2794 dictum

244 2827 286 2885 ut,
303 2817 380 2877 idem
395 2829 440 2875 est
450 2818 562 2893 aliquid
576 2835 638 2877 esse
655 2818 684 2874 in
698 2817 862 2891 Scriptura,
880 2815 924 2872 uel

245 2893 339 2953 habere
351 2899 582 2973 fundamentum
607 2897 635 2956 in
652 2897 828 2971 Scriptura:
855 2912 922 2951 nam

246 2989 290 3030 non
300 2986 436 3052 pugnant
453 2976 489 3032 de
509 2976 605 3034 verbis
623 2976 700 3033 sicut
712 2974 845 3043 Arriani,
873 2973 924 3029 sed

781 3100 814 3131 to,
