2700 3800
498 500 532 536 ui:
553 484 720 539 Passuvuus
892 489 947 559 '¹9¹

300 608 396 664 Etim
414 606 453 660 ad
466 606 596 679 primum
611 605 718 661 librum
732 583 820 671 tuisne,
833 608 950 680 facium

268 687 402 742 aduersus
411 684 756 759 pseudo-Evangelisias.

300 847 369 920 Ego
382 842 470 898 etiam
483 841 590 897 addam
604 843 767 908 seeundum,
778 844 846 917 quia
859 845 952 901 brevis

268 935 325 981 est:
339 938 491 999 superquo
505 922 602 977 dicunt
617 922 666 978 isli
679 924 707 977 in
712 923 867 998 principio,
877 924 953 999 qnod

267 1004 386 1079 quanvis
405 1018 500 1076 panca
521 1001 608 1056 rerba
624 1002 737 1070 habeat,
754 1002 838 1058 habet
857 1014 951 1059 tamen

270 1085 296 1137 in
313 1099 345 1139 se
368 1080 556 1157 longissimas
577 1081 735 1156 fatuitates
752 1101 761 1135 .·
783 1082 850 1155 quia
865 1092 895 1137 ru
908 1082 952 1139 ris

265 1162 391 1235 probare
412 1160 486 1232 qnod
510 1177 592 1214 nemo
620 1170 721 1236 negat,
749 1160 859 1216 scilicet
877 1162 952 1235 quod

264 1242 387 1314 fuerunt
408 1237 515 1310 aliqua
533 1238 748 1294 consuetudines
764 1239 792 1293 in
807 1240 948 1300 Ecclesia,

268 1329 295 1374 et
319 1317 395 1393 quod
414 1333 471 1390 pro
497 1316 550 1372 hoc
572 1318 722 1391 probando
744 1329 775 1373 tu
794 1318 953 1394 respexisti

270 1395 497 1455 concordantias
508 1405 581 1465 tuas,
605 1397 635 1451 in
656 1398 741 1453 verbo
760 1398 951 1454 Consuetudo

238 1531 242 1544 ,
268 1478 374 1546 (nescio
403 1491 441 1529 an
473 1475 512 1531 sii
541 1475 659 1531 verbum
689 1476 734 1532 rel
764 1477 947 1540 adverbium,

269 1567 294 1612 ei
319 1572 377 1632 ego
410 1570 464 1608 non
497 1555 592 1626 curo).
625 1556 668 1611 Et
694 1556 794 1630 primo
826 1556 886 1611 loco
919 1567 949 1611 tu

268 1636 368 1710 adfers
402 1632 492 1688 Luca
521 1651 548 1688 1.
584 1632 634 1687 ubi
667 1635 737 1689 dicit
772 1635 949 1690 Zachariam

268 1715 431 1771 observasse
448 1711 612 1768 Sacerdotii
629 1713 870 1771 consuetudinem.
893 1716 949 1770 Su·

266 1811 315 1868 per
342 1808 412 1867 quo,
438 1790 562 1846 Domine
580 1793 881 1867 Nuper-Praesidens,
903 1792 949 1847 di-

268 1883 345 1944 cunt,
383 1868 458 1946 qnod
484 1869 511 1925 si
538 1880 567 1926 tn
598 1871 667 1927 bene
697 1872 818 1948 legisses
840 1872 948 1929 Leviti-

268 1970 328 2010 eum
353 1968 418 2025 cap.
447 1948 496 2004 16.
523 1959 553 2004 et
575 1968 639 2024 quoe
665 1953 800 2007 ordinata
826 1952 895 2008 s'unt
920 1951 948 2007 in

271 2031 388 2106 Templo
414 2029 449 2083 de
475 2027 581 2084 vicibus
600 2031 798 2099 sacerdotum,
824 2041 854 2086 iu
876 2049 948 2087 nun-

267 2129 350 2186 quam
364 2108 493 2164 dixisses
501 2107 588 2162 istam
598 2111 828 2166 consuetudinem
843 2111 880 2165 de
892 2127 949 2184 qua

267 2193 335 2248 dicit
348 2190 454 2252 Lucas,
472 2188 631 2259 nonsuisse
649 2190 798 2262 scriptam,
816 2189 872 2246 nisi
881 2191 948 2262 sor-

268 2271 350 2327 tassis
365 2277 396 2322 tu
408 2263 546 2322 noluisses
558 2284 669 2342 negare
686 2278 787 2323 contra
803 2269 948 2324 conscien-

268 2353 335 2407 nam
354 2344 430 2420 quod
446 2351 490 2398 est
503 2360 613 2415 rerum,
625 2347 700 2402 sicut
714 2357 745 2402 iu
761 2346 850 2403 semel
874 2348 949 2401 inter

265 2431 324 2486 alia
332 2421 437 2503 fecisti
460 2420 505 2476 illi
528 2423 575 2477 eui
599 2425 759 2500 reliqueras
772 2424 947 2482 rendendum

267 2520 345 2565 tuum
369 2503 481 2569 vinum,
508 2504 620 2573 quando
639 2515 669 2559 iu
696 2504 787 2560 semel
815 2505 893 2561 ivisti
919 2504 947 2560 in

265 2583 440 2645 Alverniam.

299 2824 408 2880 Dicunt
419 2820 508 2877 etiam
517 2820 592 2894 quod
606 2831 636 2875 tu
645 2822 729 2895 facis
736 2821 852 2895 pariter
861 2839 946 2895 quan·

213 2888 215 2965 l
270 2902 303 2957 do
324 2913 354 2957 iu
374 2900 488 2975 allegas
512 2899 603 2954 locum
632 2901 667 2956 de
694 2900 826 2956 Corinth.
847 2919 874 2958 ι.
895 2919 943 2956 12.

213 2976 215 2985 '
272 2981 332 3052 qnia
349 2991 390 3037 est
410 2979 450 3034 ibi
463 2979 624 3034 anathemiea
639 2980 748 3053 scripta
761 2980 941 3043 consuetudo,
1071 3022 1083 3055 5
