<?xml version="1.0" encoding="UTF-8"?>
<!DOCTYPE html PUBLIC "-//W3C//DTD XHTML 1.0 Transitional//EN"
    "http://www.w3.org/TR/xhtml1/DTD/xhtml1-transitional.dtd">
<html xmlns="http://www.w3.org/1999/xhtml" xml:lang="en" lang="en">
 <head>
  <title>
</title>
<meta http-equiv="Content-Type" content="text/html;charset=utf-8" />
  <meta name='ocr-system' content='tesseract 3.04.00' />
  <meta name='ocr-capabilities' content='ocr_page ocr_carea ocr_par ocr_line ocrx_word'/>
</head>
<body>
  <div class='ocr_page' id='page_1' title='image "./lepassavantdeth00goog_0198.png"; bbox 0 0 2700 3800; ppageno 0'>
   <div class='ocr_carea' id='block_1_1' title="bbox 567 385 1016 440">
    <p class='ocr_par' dir='ltr' id='par_1_1' title="bbox 567 385 1016 440">
     <span class='ocr_line' id='line_1_1' title="bbox 567 385 1016 440; baseline -0.004 0"><span class='ocrx_word' id='word_1_1' title='bbox 567 403 602 439; x_wconf 80' lang='lat' dir='ltr'><em>mc</em></span> <span class='ocrx_word' id='word_1_2' title='bbox 623 386 787 440; x_wconf 76' lang='lat' dir='ltr'><em>Pnssnvnn&#39;r</em></span> <span class='ocrx_word' id='word_1_3' title='bbox 968 385 1016 439; x_wconf 76' lang='lat'><em>185</em></span> 
     </span>
    </p>
   </div>
   <div class='ocr_carea' id='block_1_2' title="bbox 319 505 1057 2638">
    <p class='ocr_par' dir='ltr' id='par_1_2' title="bbox 319 505 1057 2638">
     <span class='ocr_line' id='line_1_2' title="bbox 369 505 1019 583; baseline -0.002 -20"><span class='ocrx_word' id='word_1_4' title='bbox 369 508 475 565; x_wconf 79' lang='lat' dir='ltr'><em>Postea</em></span> <span class='ocrx_word' id='word_1_5' title='bbox 496 518 526 563; x_wconf 90' lang='lat' dir='ltr'><em>tu</em></span> <span class='ocrx_word' id='word_1_6' title='bbox 544 509 628 583; x_wconf 88' lang='lat' dir='ltr'><em>ponis</em></span> <span class='ocrx_word' id='word_1_7' title='bbox 647 506 897 583; x_wconf 79' lang='lat' dir='ltr'><em>interpretationes</em></span> <span class='ocrx_word' id='word_1_8' title='bbox 910 505 1019 562; x_wconf 89' lang='lat' dir='ltr'><em>Docto-</em></span> 
     </span>
     <span class='ocr_line' id='line_1_3' title="bbox 341 585 1019 662; baseline -0.003 -20"><span class='ocrx_word' id='word_1_9' title='bbox 341 603 409 654; x_wconf 87' lang='lat' dir='ltr'><em>rum,</em></span> <span class='ocrx_word' id='word_1_10' title='bbox 434 586 486 642; x_wconf 82' lang='lat' dir='ltr'><em>sed</em></span> <span class='ocrx_word' id='word_1_11' title='bbox 506 596 537 643; x_wconf 88' lang='lat' dir='ltr'><em>tu</em></span> <span class='ocrx_word' id='word_1_12' title='bbox 556 588 599 644; x_wconf 83' lang='lat' dir='ltr'><em>vis</em></span> <span class='ocrx_word' id='word_1_13' title='bbox 621 589 695 662; x_wconf 85' lang='lat' dir='ltr'><em>quod</em></span> <span class='ocrx_word' id='word_1_14' title='bbox 715 604 769 643; x_wconf 90' lang='lat' dir='ltr'><em>non</em></span> <span class='ocrx_word' id='word_1_15' title='bbox 793 585 939 641; x_wconf 82' lang='lat' dir='ltr'><em>ambulent</em></span> <span class='ocrx_word' id='word_1_16' title='bbox 952 585 1019 661; x_wconf 88' lang='lat' dir='ltr'><em>pari</em></span> 
     </span>
     <span class='ocr_line' id='line_1_4' title="bbox 334 664 1019 742; baseline -0.004 -20"><span class='ocrx_word' id='word_1_17' title='bbox 334 682 429 741; x_wconf 88' lang='lat' dir='ltr'><em>passu,</em></span> <span class='ocrx_word' id='word_1_18' title='bbox 446 666 521 723; x_wconf 85' lang='lat' dir='ltr'><em>sicut</em></span> <span class='ocrx_word' id='word_1_19' title='bbox 540 666 640 742; x_wconf 84' lang='lat' dir='ltr'><em>legata</em></span> <span class='ocrx_word' id='word_1_20' title='bbox 668 677 696 723; x_wconf 89' lang='lat' dir='ltr'><em>et</em></span> <span class='ocrx_word' id='word_1_21' title='bbox 710 665 949 741; x_wconf 82' lang='lat' dir='ltr'><em>fideicommissa,</em></span> <span class='ocrx_word' id='word_1_22' title='bbox 968 664 1019 720; x_wconf 87' lang='lat' dir='ltr'><em>sed</em></span> 
     </span>
     <span class='ocr_line' id='line_1_5' title="bbox 336 744 1019 820; baseline -0.003 -19"><span class='ocrx_word' id='word_1_23' title='bbox 336 745 406 819; x_wconf 84' lang='lat' dir='ltr'><em>quod</em></span> <span class='ocrx_word' id='word_1_24' title='bbox 432 744 555 801; x_wconf 80' lang='lat' dir='ltr'><em>habeant</em></span> <span class='ocrx_word' id='word_1_25' title='bbox 583 746 619 802; x_wconf 93' lang='lat' dir='ltr'><em>de</em></span> <span class='ocrx_word' id='word_1_26' title='bbox 646 746 753 820; x_wconf 84' lang='lat' dir='ltr'><em>spiritu</em></span> <span class='ocrx_word' id='word_1_27' title='bbox 781 744 902 799; x_wconf 84' lang='lat' dir='ltr'><em>Domini</em></span> <span class='ocrx_word' id='word_1_28' title='bbox 928 744 1019 818; x_wconf 78' lang='lat' dir='ltr'><em>Papa’</em></span> 
     </span>
     <span class='ocr_line' id='line_1_6' title="bbox 336 822 1018 893; baseline -0.004 -13"><span class='ocrx_word' id='word_1_29' title='bbox 336 823 452 882; x_wconf 84' lang='lat' dir='ltr'><em>diaboli.</em></span> <span class='ocrx_word' id='word_1_30' title='bbox 469 825 529 880; x_wconf 89' lang='lat' dir='ltr'><em>Sed</em></span> <span class='ocrx_word' id='word_1_31' title='bbox 543 826 580 880; x_wconf 92' lang='lat' dir='ltr'><em>de</em></span> <span class='ocrx_word' id='word_1_32' title='bbox 589 825 639 881; x_wconf 87' lang='lat' dir='ltr'><em>illo</em></span> <span class='ocrx_word' id='word_1_33' title='bbox 652 841 734 880; x_wconf 92' lang='lat' dir='ltr'><em>nemo</em></span> <span class='ocrx_word' id='word_1_34' title='bbox 745 823 866 893; x_wconf 81' lang='lat' dir='ltr'><em>dubitat,</em></span> <span class='ocrx_word' id='word_1_35' title='bbox 885 824 960 880; x_wconf 88' lang='lat' dir='ltr'><em>sicut</em></span> <span class='ocrx_word' id='word_1_36' title='bbox 974 822 1018 878; x_wconf 94' lang='lat' dir='ltr'><em>di·</em></span> 
     </span>
     <span class='ocr_line' id='line_1_7' title="bbox 334 902 1018 977; baseline -0.003 -18"><span class='ocrx_word' id='word_1_37' title='bbox 334 912 405 959; x_wconf 90' lang='lat' dir='ltr'><em>ctum</em></span> <span class='ocrx_word' id='word_1_38' title='bbox 427 912 481 973; x_wconf 84' lang='lat' dir='ltr'><em>est,</em></span> <span class='ocrx_word' id='word_1_39' title='bbox 503 904 571 977; x_wconf 85' lang='lat' dir='ltr'><em>quin</em></span> <span class='ocrx_word' id='word_1_40' title='bbox 592 903 714 959; x_wconf 89' lang='lat' dir='ltr'><em>debeant</em></span> <span class='ocrx_word' id='word_1_41' title='bbox 735 903 922 977; x_wconf 83' lang='lat' dir='ltr'><em>interpretari</em></span> <span class='ocrx_word' id='word_1_42' title='bbox 937 902 1018 958; x_wconf 86' lang='lat' dir='ltr'><em>Scri·</em></span> 
     </span>
     <span class='ocr_line' id='line_1_8' title="bbox 330 980 1017 1056; baseline 0.004 -19"><span class='ocrx_word' id='word_1_43' title='bbox 330 992 425 1055; x_wconf 84' lang='lat' dir='ltr'><em>pturae</em></span> <span class='ocrx_word' id='word_1_44' title='bbox 432 999 490 1055; x_wconf 88' lang='lat' dir='ltr'><em>per</em></span> <span class='ocrx_word' id='word_1_45' title='bbox 503 982 609 1056; x_wconf 86' lang='lat' dir='ltr'><em>eosqui</em></span> <span class='ocrx_word' id='word_1_46' title='bbox 620 982 724 1039; x_wconf 84' lang='lat' dir='ltr'><em>babent</em></span> <span class='ocrx_word' id='word_1_47' title='bbox 733 982 837 1037; x_wconf 89' lang='lat' dir='ltr'><em>donum</em></span> <span class='ocrx_word' id='word_1_48' title='bbox 847 980 1017 1056; x_wconf 80' lang='lat' dir='ltr'><em>prophetia.</em></span> 
     </span>
     <span class='ocr_line' id='line_1_9' title="bbox 332 1060 1015 1136; baseline -0.006 -17"><span class='ocrx_word' id='word_1_49' title='bbox 332 1062 389 1120; x_wconf 89' lang='lat' dir='ltr'><em>Sed</em></span> <span class='ocrx_word' id='word_1_50' title='bbox 395 1060 436 1115; x_wconf 87' lang='lat' dir='ltr'><em>ad</em></span> <span class='ocrx_word' id='word_1_51' title='bbox 446 1061 598 1118; x_wconf 82' lang='lat' dir='ltr'><em>uidendum</em></span> <span class='ocrx_word' id='word_1_52' title='bbox 611 1061 675 1136; x_wconf 84' lang='lat' dir='ltr'><em>quis</em></span> <span class='ocrx_word' id='word_1_53' title='bbox 685 1060 939 1135; x_wconf 87' lang='lat' dir='ltr'><em>babeatSpiritum</em></span> <span class='ocrx_word' id='word_1_54' title='bbox 948 1060 1015 1129; x_wconf 89' lang='lat' dir='ltr'><em>Dei,</em></span> 
     </span>
     <span class='ocr_line' id='line_1_10' title="bbox 332 1139 1018 1215; baseline -0.001 -19"><span class='ocrx_word' id='word_1_55' title='bbox 332 1150 359 1196; x_wconf 90' lang='lat' dir='ltr'><em>et</em></span> <span class='ocrx_word' id='word_1_56' title='bbox 376 1140 442 1214; x_wconf 85' lang='lat' dir='ltr'><em>quis</em></span> <span class='ocrx_word' id='word_1_57' title='bbox 456 1139 559 1196; x_wconf 87' lang='lat' dir='ltr'><em>babeat</em></span> <span class='ocrx_word' id='word_1_58' title='bbox 578 1141 716 1215; x_wconf 90' lang='lat' dir='ltr'><em>spiritum</em></span> <span class='ocrx_word' id='word_1_59' title='bbox 742 1140 892 1209; x_wconf 86' lang='lat' dir='ltr'><em>mendacii,</em></span> <span class='ocrx_word' id='word_1_60' title='bbox 918 1140 968 1214; x_wconf 83' lang='lat' dir='ltr'><em>qui</em></span> <span class='ocrx_word' id='word_1_61' title='bbox 986 1155 1018 1195; x_wconf 92' lang='lat' dir='ltr'><em>se</em></span> 
     </span>
     <span class='ocr_line' id='line_1_11' title="bbox 333 1218 1018 1295; baseline 0.003 -22"><span class='ocrx_word' id='word_1_62' title='bbox 333 1218 527 1295; x_wconf 79' lang='lat' dir='ltr'><em>transfigurat</em></span> <span class='ocrx_word' id='word_1_63' title='bbox 540 1220 568 1274; x_wconf 91' lang='lat' dir='ltr'><em>in</em></span> <span class='ocrx_word' id='word_1_64' title='bbox 582 1220 731 1295; x_wconf 77' lang='lat' dir='ltr'><em>Angelum</em></span> <span class='ocrx_word' id='word_1_65' title='bbox 745 1218 826 1287; x_wconf 87' lang='lat' dir='ltr'><em>lucis,</em></span> <span class='ocrx_word' id='word_1_66' title='bbox 843 1236 893 1275; x_wconf 91' lang='lat' dir='ltr'><em>nos</em></span> <span class='ocrx_word' id='word_1_67' title='bbox 908 1236 961 1274; x_wconf 94' lang='lat' dir='ltr'><em>non</em></span> <span class='ocrx_word' id='word_1_68' title='bbox 971 1235 1018 1275; x_wconf 89' lang='lat' dir='ltr'><em>se·</em></span> 
     </span>
     <span class='ocr_line' id='line_1_12' title="bbox 331 1298 1018 1375; baseline -0.001 -21"><span class='ocrx_word' id='word_1_69' title='bbox 331 1299 450 1373; x_wconf 82' lang='lat' dir='ltr'><em>quimur</em></span> <span class='ocrx_word' id='word_1_70' title='bbox 465 1308 545 1354; x_wconf 90' lang='lat' dir='ltr'><em>tuam</em></span> <span class='ocrx_word' id='word_1_71' title='bbox 556 1299 870 1375; x_wconf 71' lang='lat' dir='ltr'><em>regulampuiatunon</em></span> <span class='ocrx_word' id='word_1_72' title='bbox 881 1298 925 1354; x_wconf 82' lang='lat' dir='ltr'><em>uis</em></span> <span class='ocrx_word' id='word_1_73' title='bbox 936 1298 1018 1354; x_wconf 86' lang='lat' dir='ltr'><em>aliud</em></span> 
     </span>
     <span class='ocr_line' id='line_1_13' title="bbox 331 1377 1016 1453; baseline -0.001 -20"><span class='ocrx_word' id='word_1_74' title='bbox 331 1378 386 1435; x_wconf 85' lang='lat' dir='ltr'><em>nisi</em></span> <span class='ocrx_word' id='word_1_75' title='bbox 396 1387 430 1434; x_wconf 94' lang='lat' dir='ltr'><em>ut</em></span> <span class='ocrx_word' id='word_1_76' title='bbox 443 1377 547 1452; x_wconf 90' lang='lat' dir='ltr'><em>probet</em></span> <span class='ocrx_word' id='word_1_77' title='bbox 569 1380 718 1435; x_wconf 88' lang='lat' dir='ltr'><em>Romanus</em></span> <span class='ocrx_word' id='word_1_78' title='bbox 736 1379 836 1453; x_wconf 86' lang='lat' dir='ltr'><em>Lupus</em></span> <span class='ocrx_word' id='word_1_79' title='bbox 855 1395 920 1433; x_wconf 91' lang='lat' dir='ltr'><em>cum</em></span> <span class='ocrx_word' id='word_1_80' title='bbox 933 1378 1016 1433; x_wconf 86' lang='lat' dir='ltr'><em>suis:</em></span> 
     </span>
     <span class='ocr_line' id='line_1_14' title="bbox 331 1456 1017 1531; baseline -0.004 -18"><span class='ocrx_word' id='word_1_81' title='bbox 331 1473 378 1513; x_wconf 89' lang='lat' dir='ltr'><em>nos</em></span> <span class='ocrx_word' id='word_1_82' title='bbox 391 1473 461 1512; x_wconf 84' lang='lat' dir='ltr'><em>uero</em></span> <span class='ocrx_word' id='word_1_83' title='bbox 476 1456 608 1512; x_wconf 81' lang='lat' dir='ltr'><em>uolumus</em></span> <span class='ocrx_word' id='word_1_84' title='bbox 635 1467 666 1512; x_wconf 97' lang='lat' dir='ltr'><em>ut</em></span> <span class='ocrx_word' id='word_1_85' title='bbox 688 1457 827 1531; x_wconf 82' lang='lat' dir='ltr'><em>probetur</em></span> <span class='ocrx_word' id='word_1_86' title='bbox 848 1457 936 1512; x_wconf 87' lang='lat' dir='ltr'><em>etiam</em></span> <span class='ocrx_word' id='word_1_87' title='bbox 955 1457 1017 1530; x_wconf 89' lang='lat' dir='ltr'><em>ipsa</em></span> 
     </span>
     <span class='ocr_line' id='line_1_15' title="bbox 331 1534 1017 1610; baseline -0.003 -21"><span class='ocrx_word' id='word_1_88' title='bbox 331 1534 529 1609; x_wconf 84' lang='lat' dir='ltr'><em>interpretatio</em></span> <span class='ocrx_word' id='word_1_89' title='bbox 541 1535 704 1610; x_wconf 79' lang='lat' dir='ltr'><em>Scriptura</em></span> <span class='ocrx_word' id='word_1_90' title='bbox 710 1554 766 1610; x_wconf 89' lang='lat' dir='ltr'><em>per</em></span> <span class='ocrx_word' id='word_1_91' title='bbox 776 1535 929 1609; x_wconf 84' lang='lat' dir='ltr'><em>ipsammet</em></span> <span class='ocrx_word' id='word_1_92' title='bbox 939 1534 1017 1591; x_wconf 89' lang='lat' dir='ltr'><em>Scri-</em></span> 
     </span>
     <span class='ocr_line' id='line_1_16' title="bbox 327 1612 1017 1688; baseline -0.004 -19"><span class='ocrx_word' id='word_1_93' title='bbox 327 1624 454 1687; x_wconf 87' lang='lat' dir='ltr'><em>pturam,</em></span> <span class='ocrx_word' id='word_1_94' title='bbox 476 1621 505 1669; x_wconf 91' lang='lat' dir='ltr'><em>et</em></span> <span class='ocrx_word' id='word_1_95' title='bbox 529 1623 656 1670; x_wconf 88' lang='lat' dir='ltr'><em>tenemus</em></span> <span class='ocrx_word' id='word_1_96' title='bbox 672 1632 728 1688; x_wconf 90' lang='lat' dir='ltr'><em>pro</em></span> <span class='ocrx_word' id='word_1_97' title='bbox 750 1614 900 1670; x_wconf 80' lang='lat' dir='ltr'><em>diabolicis</em></span> <span class='ocrx_word' id='word_1_98' title='bbox 920 1612 1017 1668; x_wconf 86' lang='lat' dir='ltr'><em>omnia</em></span> 
     </span>
     <span class='ocr_line' id='line_1_17' title="bbox 329 1691 1017 1768; baseline -0.003 -20"><span class='ocrx_word' id='word_1_99' title='bbox 329 1710 392 1767; x_wconf 78' lang='lat' dir='ltr'><em>qua·</em></span> <span class='ocrx_word' id='word_1_100' title='bbox 405 1710 461 1747; x_wconf 91' lang='lat' dir='ltr'><em>non</em></span> <span class='ocrx_word' id='word_1_101' title='bbox 474 1691 646 1748; x_wconf 84' lang='lat' dir='ltr'><em>concordant</em></span> <span class='ocrx_word' id='word_1_102' title='bbox 670 1709 736 1748; x_wconf 86' lang='lat' dir='ltr'><em>cum</em></span> <span class='ocrx_word' id='word_1_103' title='bbox 761 1694 817 1748; x_wconf 87' lang='lat' dir='ltr'><em>ista</em></span> <span class='ocrx_word' id='word_1_104' title='bbox 841 1692 959 1768; x_wconf 82' lang='lat' dir='ltr'><em>regula.</em></span> <span class='ocrx_word' id='word_1_105' title='bbox 975 1692 1017 1747; x_wconf 88' lang='lat' dir='ltr'><em>Et</em></span> 
     </span>
     <span class='ocr_line' id='line_1_18' title="bbox 326 1770 1057 1845; baseline -0.001 -17"><span class='ocrx_word' id='word_1_106' title='bbox 326 1790 379 1845; x_wconf 91' lang='lat' dir='ltr'><em>pro</em></span> <span class='ocrx_word' id='word_1_107' title='bbox 402 1770 547 1844; x_wconf 85' lang='lat' dir='ltr'><em>exemplo,</em></span> <span class='ocrx_word' id='word_1_108' title='bbox 571 1788 620 1826; x_wconf 87' lang='lat' dir='ltr'><em>nos</em></span> <span class='ocrx_word' id='word_1_109' title='bbox 644 1781 731 1827; x_wconf 89' lang='lat' dir='ltr'><em>temet</em></span> <span class='ocrx_word' id='word_1_110' title='bbox 755 1772 922 1845; x_wconf 85' lang='lat' dir='ltr'><em>accipimus,</em></span> <span class='ocrx_word' id='word_1_111' title='bbox 949 1770 1016 1844; x_wconf 86' lang='lat' dir='ltr'><em>quia</em></span> <span class='ocrx_word' id='word_1_112' title='bbox 1054 1798 1057 1804; x_wconf 91' lang='lat'>·</span> 
     </span>
     <span class='ocr_line' id='line_1_19' title="bbox 329 1849 1016 1926; baseline -0.001 -19"><span class='ocrx_word' id='word_1_113' title='bbox 329 1850 440 1926; x_wconf 83' lang='lat' dir='ltr'><em>quando</em></span> <span class='ocrx_word' id='word_1_114' title='bbox 459 1849 531 1906; x_wconf 85' lang='lat' dir='ltr'><em>dicis</em></span> <span class='ocrx_word' id='word_1_115' title='bbox 551 1850 626 1923; x_wconf 81' lang='lat' dir='ltr'><em>quod</em></span> <span class='ocrx_word' id='word_1_116' title='bbox 639 1851 780 1907; x_wconf 84' lang='lat' dir='ltr'><em>Doctores</em></span> <span class='ocrx_word' id='word_1_117' title='bbox 802 1850 935 1906; x_wconf 85' lang='lat' dir='ltr'><em>maxima</em></span> <span class='ocrx_word' id='word_1_118' title='bbox 949 1867 1016 1906; x_wconf 88' lang='lat' dir='ltr'><em>ora-</em></span> 
     </span>
     <span class='ocr_line' id='line_1_20' title="bbox 331 1929 1016 2005; baseline 0.003 -21"><span class='ocrx_word' id='word_1_119' title='bbox 331 1931 415 1988; x_wconf 86' lang='lat' dir='ltr'><em>tionis</em></span> <span class='ocrx_word' id='word_1_120' title='bbox 428 1930 566 1986; x_wconf 87' lang='lat' dir='ltr'><em>instantia</em></span> <span class='ocrx_word' id='word_1_121' title='bbox 584 1939 612 1984; x_wconf 90' lang='lat' dir='ltr'><em>et</em></span> <span class='ocrx_word' id='word_1_122' title='bbox 626 1929 694 1985; x_wconf 79' lang='lat' dir='ltr'><em>uita’</em></span> <span class='ocrx_word' id='word_1_123' title='bbox 705 1931 835 2004; x_wconf 85' lang='lat' dir='ltr'><em>puritate</em></span> <span class='ocrx_word' id='word_1_124' title='bbox 844 1947 1016 2005; x_wconf 82' lang='lat' dir='ltr'><em>promerue-</em></span> 
     </span>
     <span class='ocr_line' id='line_1_21' title="bbox 332 2008 1015 2082; baseline 0.003 -18"><span class='ocrx_word' id='word_1_125' title='bbox 332 2019 400 2065; x_wconf 90' lang='lat' dir='ltr'><em>runt</em></span> <span class='ocrx_word' id='word_1_126' title='bbox 418 2025 570 2066; x_wconf 88' lang='lat' dir='ltr'><em>sacrarum</em></span> <span class='ocrx_word' id='word_1_127' title='bbox 596 2008 691 2063; x_wconf 91' lang='lat' dir='ltr'><em>lumen</em></span> <span class='ocrx_word' id='word_1_128' title='bbox 715 2010 945 2082; x_wconf 79' lang='lat' dir='ltr'><em>Scripturarum‚</em></span> <span class='ocrx_word' id='word_1_129' title='bbox 966 2027 1015 2066; x_wconf 88' lang='lat' dir='ltr'><em>nos</em></span> 
     </span>
     <span class='ocr_line' id='line_1_22' title="bbox 332 2087 1018 2163; baseline 0.001 -21"><span class='ocrx_word' id='word_1_130' title='bbox 332 2088 456 2144; x_wconf 82' lang='lat' dir='ltr'><em>dicimus</em></span> <span class='ocrx_word' id='word_1_131' title='bbox 471 2087 547 2161; x_wconf 86' lang='lat' dir='ltr'><em>quod</em></span> <span class='ocrx_word' id='word_1_132' title='bbox 567 2087 623 2143; x_wconf 85' lang='lat' dir='ltr'><em>ista</em></span> <span class='ocrx_word' id='word_1_133' title='bbox 642 2088 774 2144; x_wconf 88' lang='lat' dir='ltr'><em>doctrina</em></span> <span class='ocrx_word' id='word_1_134' title='bbox 797 2098 841 2145; x_wconf 85' lang='lat' dir='ltr'><em>est</em></span> <span class='ocrx_word' id='word_1_135' title='bbox 857 2088 966 2163; x_wconf 82' lang='lat' dir='ltr'><em>salsa:</em></span> <span class='ocrx_word' id='word_1_136' title='bbox 990 2097 1018 2143; x_wconf 91' lang='lat' dir='ltr'><em>et</em></span> 
     </span>
     <span class='ocr_line' id='line_1_23' title="bbox 333 2166 1018 2242; baseline -0.001 -19"><span class='ocrx_word' id='word_1_137' title='bbox 333 2168 383 2224; x_wconf 84' lang='lat' dir='ltr'><em>boc</em></span> <span class='ocrx_word' id='word_1_138' title='bbox 400 2166 560 2242; x_wconf 87' lang='lat' dir='ltr'><em>probamus</em></span> <span class='ocrx_word' id='word_1_139' title='bbox 582 2167 778 2222; x_wconf 81' lang='lat' dir='ltr'><em>examinando</em></span> <span class='ocrx_word' id='word_1_140' title='bbox 797 2185 860 2222; x_wconf 89' lang='lat' dir='ltr'><em>eam</em></span> <span class='ocrx_word' id='word_1_141' title='bbox 879 2166 918 2221; x_wconf 94' lang='lat' dir='ltr'><em>ad</em></span> <span class='ocrx_word' id='word_1_142' title='bbox 936 2168 1018 2223; x_wconf 89' lang='lat' dir='ltr'><em>Scri-</em></span> 
     </span>
     <span class='ocr_line' id='line_1_24' title="bbox 319 2246 1016 2321; baseline 0 -19"><span class='ocrx_word' id='word_1_143' title='bbox 319 2257 458 2321; x_wconf 88' lang='lat' dir='ltr'><em>·pturam,</em></span> <span class='ocrx_word' id='word_1_144' title='bbox 476 2263 539 2320; x_wconf 82' lang='lat' dir='ltr'><em>quae</em></span> <span class='ocrx_word' id='word_1_145' title='bbox 561 2246 686 2302; x_wconf 84' lang='lat' dir='ltr'><em>ostendit</em></span> <span class='ocrx_word' id='word_1_146' title='bbox 704 2247 779 2320; x_wconf 87' lang='lat' dir='ltr'><em>quod</em></span> <span class='ocrx_word' id='word_1_147' title='bbox 793 2257 823 2301; x_wconf 83' lang='lat' dir='ltr'><em>tu</em></span> <span class='ocrx_word' id='word_1_148' title='bbox 842 2263 872 2302; x_wconf 88' lang='lat' dir='ltr'><em>es</em></span> <span class='ocrx_word' id='word_1_149' title='bbox 888 2247 1016 2302; x_wconf 84' lang='lat' dir='ltr'><em>Pseudo·</em></span> 
     </span>
     <span class='ocr_line' id='line_1_25' title="bbox 331 2325 1016 2399; baseline -0.001 -17"><span class='ocrx_word' id='word_1_150' title='bbox 331 2325 479 2399; x_wconf 79' lang='lat' dir='ltr'><em>Propheta</em></span> <span class='ocrx_word' id='word_1_151' title='bbox 493 2326 568 2380; x_wconf 88' lang='lat' dir='ltr'><em>sicut</em></span> <span class='ocrx_word' id='word_1_152' title='bbox 583 2326 708 2381; x_wconf 89' lang='lat' dir='ltr'><em>Balaam</em></span> <span class='ocrx_word' id='word_1_153' title='bbox 727 2346 735 2379; x_wconf 93' lang='lat'><em>.·</em></span> <span class='ocrx_word' id='word_1_154' title='bbox 757 2344 839 2399; x_wconf 82' lang='lat' dir='ltr'><em>quem</em></span> <span class='ocrx_word' id='word_1_155' title='bbox 868 2325 956 2380; x_wconf 88' lang='lat' dir='ltr'><em>etiam</em></span> <span class='ocrx_word' id='word_1_156' title='bbox 985 2335 1016 2381; x_wconf 89' lang='lat' dir='ltr'><em>tu</em></span> 
     </span>
     <span class='ocr_line' id='line_1_26' title="bbox 332 2405 1019 2481; baseline -0.006 -18"><span class='ocrx_word' id='word_1_157' title='bbox 332 2421 453 2481; x_wconf 91' lang='lat' dir='ltr'><em>superas</em></span> <span class='ocrx_word' id='word_1_158' title='bbox 470 2405 498 2459; x_wconf 83' lang='lat' dir='ltr'><em>in</em></span> <span class='ocrx_word' id='word_1_159' title='bbox 513 2405 572 2473; x_wconf 84' lang='lat' dir='ltr'><em>boc,</em></span> <span class='ocrx_word' id='word_1_160' title='bbox 586 2407 661 2478; x_wconf 86' lang='lat' dir='ltr'><em>quod</em></span> <span class='ocrx_word' id='word_1_161' title='bbox 675 2405 724 2461; x_wconf 83' lang='lat' dir='ltr'><em>ille</em></span> <span class='ocrx_word' id='word_1_162' title='bbox 734 2416 762 2460; x_wconf 93' lang='lat' dir='ltr'><em>et</em></span> <span class='ocrx_word' id='word_1_163' title='bbox 775 2405 858 2461; x_wconf 88' lang='lat' dir='ltr'><em>asina</em></span> <span class='ocrx_word' id='word_1_164' title='bbox 872 2421 924 2461; x_wconf 89' lang='lat' dir='ltr'><em>sua</em></span> <span class='ocrx_word' id='word_1_165' title='bbox 936 2415 1019 2461; x_wconf 92' lang='lat' dir='ltr'><em>erant</em></span> 
     </span>
     <span class='ocr_line' id='line_1_27' title="bbox 333 2484 1018 2554; baseline -0.003 -13"><span class='ocrx_word' id='word_1_166' title='bbox 333 2485 397 2554; x_wconf 85' lang='lat' dir='ltr'><em>duo,</em></span> <span class='ocrx_word' id='word_1_167' title='bbox 415 2493 446 2539; x_wconf 90' lang='lat' dir='ltr'><em>tu</em></span> <span class='ocrx_word' id='word_1_168' title='bbox 459 2501 526 2539; x_wconf 83' lang='lat' dir='ltr'><em>uero</em></span> <span class='ocrx_word' id='word_1_169' title='bbox 540 2495 569 2539; x_wconf 88' lang='lat' dir='ltr'><em>et</em></span> <span class='ocrx_word' id='word_1_170' title='bbox 587 2484 681 2540; x_wconf 88' lang='lat' dir='ltr'><em>mulus</em></span> <span class='ocrx_word' id='word_1_171' title='bbox 696 2494 761 2553; x_wconf 88' lang='lat' dir='ltr'><em>tuus</em></span> <span class='ocrx_word' id='word_1_172' title='bbox 775 2485 844 2541; x_wconf 86' lang='lat' dir='ltr'><em>estis</em></span> <span class='ocrx_word' id='word_1_173' title='bbox 856 2502 941 2539; x_wconf 75' lang='lat' dir='ltr'><em>uniam</em></span> <span class='ocrx_word' id='word_1_174' title='bbox 956 2485 1018 2540; x_wconf 87' lang='lat' dir='ltr'><em>ani-</em></span> 
     </span>
     <span class='ocr_line' id='line_1_28' title="bbox 334 2563 1017 2638; baseline -0.004 -17"><span class='ocrx_word' id='word_1_175' title='bbox 334 2564 393 2621; x_wconf 92' lang='lat' dir='ltr'><em>mal</em></span> <span class='ocrx_word' id='word_1_176' title='bbox 407 2565 444 2619; x_wconf 93' lang='lat' dir='ltr'><em>de</em></span> <span class='ocrx_word' id='word_1_177' title='bbox 466 2563 613 2619; x_wconf 75' lang='lat' dir='ltr'><em>Alternia.</em></span> <span class='ocrx_word' id='word_1_178' title='bbox 642 2565 724 2619; x_wconf 91' lang='lat' dir='ltr'><em>Nam</em></span> <span class='ocrx_word' id='word_1_179' title='bbox 746 2564 898 2638; x_wconf 87' lang='lat' dir='ltr'><em>Scriptura</em></span> <span class='ocrx_word' id='word_1_180' title='bbox 918 2575 945 2618; x_wconf 92' lang='lat' dir='ltr'><em>te</em></span> <span class='ocrx_word' id='word_1_181' title='bbox 968 2564 1017 2619; x_wconf 89' lang='lat' dir='ltr'><em>de·</em></span> 
     </span>
    </p>
   </div>
   <div class='ocr_carea' id='block_1_3' title="bbox 334 2642 1115 2718">
    <p class='ocr_par' dir='ltr' id='par_1_3' title="bbox 334 2642 1115 2718">
     <span class='ocr_line' id='line_1_29' title="bbox 334 2642 1115 2718; baseline -0.001 -19"><span class='ocrx_word' id='word_1_182' title='bbox 334 2643 470 2699; x_wconf 86' lang='lat' dir='ltr'><em>mentitur</em></span> <span class='ocrx_word' id='word_1_183' title='bbox 494 2643 530 2697; x_wconf 89' lang='lat' dir='ltr'><em>de</em></span> <span class='ocrx_word' id='word_1_184' title='bbox 554 2642 607 2698; x_wconf 86' lang='lat' dir='ltr'><em>isto</em></span> <span class='ocrx_word' id='word_1_185' title='bbox 635 2643 774 2712; x_wconf 84' lang='lat' dir='ltr'><em>articulo,</em></span> <span class='ocrx_word' id='word_1_186' title='bbox 812 2643 923 2717; x_wconf 86' lang='lat' dir='ltr'><em>quando</em></span> <span class='ocrx_word' id='word_1_187' title='bbox 955 2643 1017 2718; x_wconf 90' lang='lat' dir='ltr'><em>ipsa</em></span> <span class='ocrx_word' id='word_1_188' title='bbox 1112 2672 1115 2676; x_wconf 93' lang='lat'>·</span> 
     </span>
    </p>
   </div>
   <div class='ocr_carea' id='block_1_4' title="bbox 334 2721 1018 2955">
    <p class='ocr_par' dir='ltr' id='par_1_4' title="bbox 334 2721 1018 2955">
     <span class='ocr_line' id='line_1_30' title="bbox 334 2721 1018 2796; baseline -0.001 -19"><span class='ocrx_word' id='word_1_189' title='bbox 334 2731 415 2777; x_wconf 85' lang='lat' dir='ltr'><em>uocat</em></span> <span class='ocrx_word' id='word_1_190' title='bbox 430 2721 505 2776; x_wconf 91' lang='lat' dir='ltr'><em>dona</em></span> <span class='ocrx_word' id='word_1_191' title='bbox 519 2721 647 2795; x_wconf 86' lang='lat' dir='ltr'><em>Spiritus</em></span> <span class='ocrx_word' id='word_1_192' title='bbox 660 2722 761 2789; x_wconf 85' lang='lat' dir='ltr'><em>sancti,</em></span> <span class='ocrx_word' id='word_1_193' title='bbox 777 2722 927 2796; x_wconf 77' lang='lat' dir='ltr'><em>gratiam:</em></span> <span class='ocrx_word' id='word_1_194' title='bbox 949 2721 1018 2796; x_wconf 86' lang='lat' dir='ltr'><em>quia</em></span> 
     </span>
     <span class='ocr_line' id='line_1_31' title="bbox 334 2800 1018 2876; baseline -0.003 -19"><span class='ocrx_word' id='word_1_195' title='bbox 334 2801 437 2875; x_wconf 79' lang='lat' dir='ltr'><em>gratia</em></span> <span class='ocrx_word' id='word_1_196' title='bbox 451 2817 505 2857; x_wconf 91' lang='lat' dir='ltr'><em>non</em></span> <span class='ocrx_word' id='word_1_197' title='bbox 518 2801 576 2855; x_wconf 88' lang='lat' dir='ltr'><em>erit</em></span> <span class='ocrx_word' id='word_1_198' title='bbox 586 2800 697 2875; x_wconf 76' lang='lat' dir='ltr'><em>gratia,</em></span> <span class='ocrx_word' id='word_1_199' title='bbox 714 2801 742 2856; x_wconf 87' lang='lat' dir='ltr'><em>si</em></span> <span class='ocrx_word' id='word_1_200' title='bbox 765 2811 795 2856; x_wconf 88' lang='lat' dir='ltr'><em>tn</em></span> <span class='ocrx_word' id='word_1_201' title='bbox 810 2817 1018 2876; x_wconf 75' lang='lat' dir='ltr'><em>praesrtpponas</em></span> 
     </span>
     <span class='ocr_line' id='line_1_32' title="bbox 334 2879 1016 2955; baseline -0.01 -16"><span class='ocrx_word' id='word_1_202' title='bbox 334 2881 481 2947; x_wconf 79' lang='lat' dir='ltr'><em>meritum,</em></span> <span class='ocrx_word' id='word_1_203' title='bbox 491 2879 551 2936; x_wconf 83' lang='lat' dir='ltr'><em>siue</em></span> <span class='ocrx_word' id='word_1_204' title='bbox 559 2880 594 2938; x_wconf 89' lang='lat' dir='ltr'><em>de</em></span> <span class='ocrx_word' id='word_1_205' title='bbox 604 2897 741 2955; x_wconf 78' lang='lat' dir='ltr'><em>congruo,</em></span> <span class='ocrx_word' id='word_1_206' title='bbox 749 2881 848 2935; x_wconf 83' lang='lat' dir='ltr'><em>siuede</em></span> <span class='ocrx_word' id='word_1_207' title='bbox 857 2880 998 2955; x_wconf 83' lang='lat' dir='ltr'><em>condigno</em></span> <span class='ocrx_word' id='word_1_208' title='bbox 1008 2899 1016 2931; x_wconf 90' lang='lat'>:</span> 
     </span>
    </p>
   </div>
   <div class='ocr_carea' id='block_1_5' title="bbox 917 2993 950 3035">
    <p class='ocr_par' dir='ltr' id='par_1_5' title="bbox 917 2993 950 3035">
     <span class='ocr_line' id='line_1_33' title="bbox 917 2993 950 3035; baseline -0.03 0"><span class='ocrx_word' id='word_1_209' title='bbox 917 2993 950 3035; x_wconf 82' lang='lat'><em>16.</em></span> 
     </span>
    </p>
   </div>
   <div class='ocr_carea' id='block_1_6' title="bbox 0 0 1354 3800">
    <p class='ocr_par' dir='ltr' id='par_1_6' title="bbox 0 0 1354 3800">
     <span class='ocr_line' id='line_1_34' title="bbox 0 0 1354 3800; baseline 0 0"><span class='ocrx_word' id='word_1_210' title='bbox 0 0 1354 3800; x_wconf 95' lang='lat' dir='ltr'><em> </em></span> 
     </span>
    </p>
   </div>
  </div>
 </body>
</html>
