2700 3800
566 522 602 561 on
621 505 787 562 Possumus
971 508 1018 564 151

330 655 499 721 Concilium
524 654 727 711 Tridentinum
752 674 760 709 :
787 656 869 730 cio'us
894 655 1023 730 crepitus

330 745 428 790 tamen
453 752 508 790 non
528 735 650 790 multum
675 751 820 802 curamus,
842 734 918 789 sicut
933 734 1022 791 etiam

331 822 398 869 tuas
423 814 522 871 sordes
544 812 693 886 rejicimus
721 828 809 889 super
833 812 1021 887 prelibatum

330 901 416 948 'tuum
430 909 545 949 nasum.

365 1171 562 1240 Quamobrem
573 1172 672 1239 etiam,
686 1171 1022 1248 utsemelfiniamushoc

332 1251 511 1326 Capitulum,
522 1252 647 1307 Domine
657 1250 869 1322 Nune-Abbas‚
883 1261 913 1306 tu
921 1252 1017 1324 falle-

330 1330 372 1387 ris
390 1328 549 1405 dupliciter
558 1330 586 1385 in
599 1339 660 1386 toto
672 1331 733 1386 hoc.
745 1331 890 1398 Primum,
908 1330 1019 1403 quintu

329 1426 383 1464 non
408 1408 553 1484 intelligis
566 1407 709 1483 quomodo
723 1408 842 1463 traditio
865 1408 987 1483 differat
1000 1425 1019 1464 a

329 1486 469 1550 doctrina,
501 1486 641 1561 quomodo
669 1503 723 1542 non
747 1485 856 1542 addant
878 1486 1019 1543 doctrinae

329 1582 417 1641 neque
426 1563 590 1621 diminuant
601 1564 651 1638 qui
661 1564 742 1621 illam
755 1565 972 1621 accommodant
980 1565 1019 1621 ad

319 1657 322 1662 ·
326 1643 525 1718 particularia
538 1645 637 1718 sacta,
653 1644 744 1718 etqui
766 1644 919 1699 instituunt
937 1661 1019 1700 cere·

330 1724 441 1779 monias
455 1732 485 1779 et
497 1723 596 1780 modos
600 1723 738 1796 faciendi
746 1740 804 1797 pro
819 1723 889 1779 locis
903 1733 930 1778 et
944 1733 1017 1778 tem-

324 1802 454 1877 poribus,
471 1802 636 1875 conformes
657 1801 713 1875 ipsi
730 1801 899 1876 Scriptura,
918 1811 946 1856 et
959 1818 1016 1856 coe-

329 1891 391 1938 tera
404 1881 580 1955 hujusmodi.
600 1881 772 1951 Secundum,
790 1880 866 1955 quoa
878 1890 908 1935 tu
923 1880 1016 1938 nescis

329 1960 398 2034 quid
422 1960 463 2017 sit
484 1961 613 2036 Spiritus
635 1970 759 2029 sanctus,
784 1977 872 2032 neque
895 1977 959 2033 quae
977 1962 1017 2017 sit

329 2039 472 2108 Ecclesia,
489 2048 518 2094 et
536 2039 576 2095 acl
597 2056 662 2112 quae
675 2039 805 2116 insignia
823 2050 1016 2115 cognoscatur

324 2117 527 2194 salsa‘religio
540 2136 559 2174 a
573 2135 652 2175 uera.

366 2275 524 2332 Veniamus
537 2274 577 2333 ad
591 2276 708 2331 tertium
729 2275 870 2331 decimum
891 2276 1015 2350 Capitu-

331 2354 397 2422 lum,
415 2353 445 2409 in
463 2371 519 2427 quo
539 2370 593 2408 non
606 2353 729 2408 multum
745 2353 883 2423 laborant,
901 2355 969 2428 quia
984 2363 1014 2408 tu

325 2433 404 2506 sacis
418 2432 533 2489 eosdem
548 2449 671 2488 errores.
692 2433 800 2488 Tamen
817 2432 845 2486 in
861 2441 1012 2488 transeun-

331 2511 364 2566 do
376 2511 485 2579 dicunt,
501 2509 576 2584 quod
598 2509 729 2584 quamuis
744 2510 915 2585 Cyprianus
929 2527 1013 2565 erra·

331 2589 401 2646 uerit
415 2590 445 2644 in
464 2588 595 2663 opinione
612 2587 647 2643 de
661 2588 874 2662 rebaptizandis
897 2589 1014 2645 hareti-

333 2667 378 2739 εἰς,
392 2678 489 2723 tamen
508 2666 639 2740 defensio
661 2667 759 2740 ipsius,
775 2668 803 2724 si
821 2667 933 2741 suisset
945 2685 1014 2723 uera

335 2744 358 2801 in
369 2763 486 2825 genere,
505 2747 576 2800 bona
590 2756 674 2800 erat:
690 2746 802 2819 quando
817 2746 927 2802 dicebat
938 2746 1013 2820 quod

335 2842 381 2882 non
400 2835 466 2882 erat
477 2825 628 2901 quicquam
639 2834 738 2880 contra
751 2843 834 2881 suam
850 2826 1010 2901 opinionem

338 2901 540 2980 inScripturis.
562 2904 643 2958 Nam
661 2903 689 2958 si
709 2904 760 2960 ltoc
778 2922 877 2960 uerum
895 2905 1011 2975 suisset,

340 2980 457 3041 lucratus
474 2983 584 3058 suisset
602 2999 685 3038 suam
699 3000 838 3040 causam:
858 2984 926 3057 quia
939 2985 1012 3040 sicut
