<?xml version="1.0" encoding="UTF-8"?>
<!DOCTYPE html PUBLIC "-//W3C//DTD XHTML 1.0 Transitional//EN"
    "http://www.w3.org/TR/xhtml1/DTD/xhtml1-transitional.dtd">
<html xmlns="http://www.w3.org/1999/xhtml" xml:lang="en" lang="en">
 <head>
  <title>
</title>
<meta http-equiv="Content-Type" content="text/html;charset=utf-8" />
  <meta name='ocr-system' content='tesseract 3.04.00' />
  <meta name='ocr-capabilities' content='ocr_page ocr_carea ocr_par ocr_line ocrx_word'/>
</head>
<body>
  <div class='ocr_page' id='page_1' title='image "./lepassavantdeth00goog_0098.png"; bbox 0 0 2700 3800; ppageno 0'>
   <div class='ocr_carea' id='block_1_1' title="bbox 566 523 1019 579">
    <p class='ocr_par' dir='ltr' id='par_1_1' title="bbox 566 523 1019 579">
     <span class='ocr_line' id='line_1_1' title="bbox 566 523 1019 579; baseline 0.004 -2"><span class='ocrx_word' id='word_1_1' title='bbox 566 539 601 578; x_wconf 76' lang='lat' dir='ltr'><strong><em>or.</em></strong></span> <span class='ocrx_word' id='word_1_2' title='bbox 621 523 787 578; x_wconf 76' lang='lat' dir='ltr'>PASSAVANT</span> <span class='ocrx_word' id='word_1_3' title='bbox 988 523 1019 579; x_wconf 90' lang='lat'><strong><em>81</em></strong></span> 
     </span>
    </p>
   </div>
   <div class='ocr_carea' id='block_1_2' title="bbox 329 646 1025 1206">
    <p class='ocr_par' dir='ltr' id='par_1_2' title="bbox 329 646 1025 1206">
     <span class='ocr_line' id='line_1_2' title="bbox 330 646 1025 717; baseline -0.003 -12"><span class='ocrx_word' id='word_1_4' title='bbox 330 664 382 705; x_wconf 86' lang='lat' dir='ltr'><strong><em>uos</em></strong></span> <span class='ocrx_word' id='word_1_5' title='bbox 398 646 508 703; x_wconf 86' lang='lat' dir='ltr'><strong><em>uocatis</em></strong></span> <span class='ocrx_word' id='word_1_6' title='bbox 520 646 695 717; x_wconf 71' lang='lat' dir='ltr'><strong><em>Ecclesiam,</em></strong></span> <span class='ocrx_word' id='word_1_7' title='bbox 706 663 757 704; x_wconf 89' lang='lat' dir='ltr'><strong><em>nos</em></strong></span> <span class='ocrx_word' id='word_1_8' title='bbox 770 657 868 704; x_wconf 90' lang='lat' dir='ltr'><strong><em>autem</em></strong></span> <span class='ocrx_word' id='word_1_9' title='bbox 880 646 1025 703; x_wconf 80' lang='lat' dir='ltr'><strong><em>Luthera·</em></strong></span> 
     </span>
     <span class='ocr_line' id='line_1_3' title="bbox 330 725 1021 802; baseline 0.001 -19"><span class='ocrx_word' id='word_1_10' title='bbox 330 744 393 797; x_wconf 87' lang='lat' dir='ltr'><strong><em>nos,</em></strong></span> <span class='ocrx_word' id='word_1_11' title='bbox 409 725 623 798; x_wconf 81' lang='lat' dir='ltr'><strong><em>Schismaticos,</em></strong></span> <span class='ocrx_word' id='word_1_12' title='bbox 635 727 801 802; x_wconf 73' lang='lat' dir='ltr'><strong><em>apostatas,</em></strong></span> <span class='ocrx_word' id='word_1_13' title='bbox 814 727 1021 785; x_wconf 84' lang='lat' dir='ltr'><strong><em>Protestantes.</em></strong></span> 
     </span>
     <span class='ocr_line' id='line_1_4' title="bbox 330 805 1025 884; baseline -0.001 -19"><span class='ocrx_word' id='word_1_14' title='bbox 330 806 450 865; x_wconf 85' lang='lat' dir='ltr'><em>Deinde</em></span> <span class='ocrx_word' id='word_1_15' title='bbox 470 805 541 881; x_wconf 80' lang='lat' dir='ltr'><strong><em>quid</em></strong></span> <span class='ocrx_word' id='word_1_16' title='bbox 559 806 640 863; x_wconf 80' lang='lat' dir='ltr'><strong><em>atiud</em></strong></span> <span class='ocrx_word' id='word_1_17' title='bbox 657 807 765 884; x_wconf 86' lang='lat' dir='ltr'><strong><em>facitis</em></strong></span> <span class='ocrx_word' id='word_1_18' title='bbox 788 824 874 882; x_wconf 85' lang='lat' dir='ltr'><strong><em>quam</em></strong></span> <span class='ocrx_word' id='word_1_19' title='bbox 894 808 1025 864; x_wconf 84' lang='lat' dir='ltr'><strong><em>clamare</em></strong></span> 
     </span>
     <span class='ocr_line' id='line_1_5' title="bbox 331 884 1024 964; baseline 0.003 -21"><span class='ocrx_word' id='word_1_20' title='bbox 331 886 409 961; x_wconf 83' lang='lat' dir='ltr'><strong><em>quod</em></strong></span> <span class='ocrx_word' id='word_1_21' title='bbox 418 884 552 943; x_wconf 81' lang='lat' dir='ltr'><strong><em>navicula</em></strong></span> <span class='ocrx_word' id='word_1_22' title='bbox 560 886 653 957; x_wconf 86' lang='lat' dir='ltr'><strong><em>Petri,</em></strong></span> <span class='ocrx_word' id='word_1_23' title='bbox 666 887 694 943; x_wconf 92' lang='lat' dir='ltr'><strong><em>in</em></strong></span> <span class='ocrx_word' id='word_1_24' title='bbox 703 904 760 962; x_wconf 80' lang='lat' dir='ltr'><strong><em>qua</em></strong></span> <span class='ocrx_word' id='word_1_25' title='bbox 762 887 847 962; x_wconf 85' lang='lat' dir='ltr'><strong><em>saiso</em></strong></span> <span class='ocrx_word' id='word_1_26' title='bbox 856 905 906 945; x_wconf 85' lang='lat' dir='ltr'><strong><em>ros</em></strong></span> <span class='ocrx_word' id='word_1_27' title='bbox 910 887 1024 964; x_wconf 80' lang='lat' dir='ltr'><strong><em>putatis</em></strong></span> 
     </span>
     <span class='ocr_line' id='line_1_6' title="bbox 330 966 1022 1042; baseline 0.001 -19"><span class='ocrx_word' id='word_1_28' title='bbox 330 984 404 1037; x_wconf 83' lang='lat' dir='ltr'><strong><em>esse,</em></strong></span> <span class='ocrx_word' id='word_1_29' title='bbox 421 966 576 1042; x_wconf 84' lang='lat' dir='ltr'><strong><em>affligitur</em></strong></span> <span class='ocrx_word' id='word_1_30' title='bbox 590 977 619 1022; x_wconf 87' lang='lat' dir='ltr'><strong><em>et</em></strong></span> <span class='ocrx_word' id='word_1_31' title='bbox 633 976 826 1023; x_wconf 85' lang='lat' dir='ltr'><em>tormentatur</em></span> <span class='ocrx_word' id='word_1_32' title='bbox 840 985 858 1024; x_wconf 94' lang='lat' dir='ltr'><strong><em>a</em></strong></span> <span class='ocrx_word' id='word_1_33' title='bbox 870 967 951 1024; x_wconf 87' lang='lat' dir='ltr'><strong><em>nobis</em></strong></span> <span class='ocrx_word' id='word_1_34' title='bbox 963 967 1022 1024; x_wconf 83' lang='lat' dir='ltr'><strong><em>hae·</em></strong></span> 
     </span>
     <span class='ocr_line' id='line_1_7' title="bbox 331 1045 1021 1123; baseline 0.001 -21"><span class='ocrx_word' id='word_1_35' title='bbox 331 1045 454 1103; x_wconf 80' lang='lat' dir='ltr'><strong><em>retieis?</em></strong></span> <span class='ocrx_word' id='word_1_36' title='bbox 467 1046 541 1103; x_wconf 81' lang='lat' dir='ltr'><strong><em>adeo</em></strong></span> <span class='ocrx_word' id='word_1_37' title='bbox 556 1046 632 1122; x_wconf 81' lang='lat' dir='ltr'><strong><em>quod</em></strong></span> <span class='ocrx_word' id='word_1_38' title='bbox 651 1046 687 1102; x_wconf 85' lang='lat' dir='ltr'><strong><em>de</em></strong></span> <span class='ocrx_word' id='word_1_39' title='bbox 703 1046 848 1103; x_wconf 87' lang='lat' dir='ltr'><strong><em>Cornibus</em></strong></span> <span class='ocrx_word' id='word_1_40' title='bbox 862 1046 920 1104; x_wconf 83' lang='lat' dir='ltr'><strong><em>sibi</em></strong></span> <span class='ocrx_word' id='word_1_41' title='bbox 930 1047 1021 1123; x_wconf 81' lang='lat' dir='ltr'><strong><em>fran-</em></strong></span> 
     </span>
     <span class='ocr_line' id='line_1_8' title="bbox 329 1125 1022 1206; baseline 0.001 -24"><span class='ocrx_word' id='word_1_42' title='bbox 329 1126 421 1205; x_wconf 79' lang='lat' dir='ltr'><strong><em>gebat</em></strong></span> <span class='ocrx_word' id='word_1_43' title='bbox 433 1125 577 1183; x_wconf 86' lang='lat' dir='ltr'><strong><em>interdum</em></strong></span> <span class='ocrx_word' id='word_1_44' title='bbox 586 1142 704 1203; x_wconf 78' lang='lat' dir='ltr'><strong><em>pugnos</em></strong></span> <span class='ocrx_word' id='word_1_45' title='bbox 718 1135 818 1183; x_wconf 86' lang='lat' dir='ltr'><strong><em>contra</em></strong></span> <span class='ocrx_word' id='word_1_46' title='bbox 828 1144 913 1184; x_wconf 87' lang='lat' dir='ltr'><strong><em>suam</em></strong></span> <span class='ocrx_word' id='word_1_47' title='bbox 927 1127 1022 1206; x_wconf 82' lang='lat' dir='ltr'><strong><em>cathe-</em></strong></span> 
     </span>
    </p>
   </div>
   <div class='ocr_carea' id='block_1_3' title="bbox 313 1205 1073 3116">
    <p class='ocr_par' dir='ltr' id='par_1_3' title="bbox 313 1205 1073 3017">
     <span class='ocr_line' id='line_1_9' title="bbox 329 1205 1022 1281; baseline -0.001 -19"><span class='ocrx_word' id='word_1_48' title='bbox 329 1206 426 1275; x_wconf 82' lang='lat' dir='ltr'><strong><em>dram,</em></strong></span> <span class='ocrx_word' id='word_1_49' title='bbox 445 1215 504 1262; x_wconf 89' lang='lat' dir='ltr'><strong><em>tam</em></strong></span> <span class='ocrx_word' id='word_1_50' title='bbox 527 1215 591 1263; x_wconf 87' lang='lat' dir='ltr'><strong><em>erat</em></strong></span> <span class='ocrx_word' id='word_1_51' title='bbox 608 1205 721 1281; x_wconf 63' lang='lat' dir='ltr'><strong><em>reiosus</em></strong></span> <span class='ocrx_word' id='word_1_52' title='bbox 736 1222 795 1281; x_wconf 80' lang='lat' dir='ltr'><strong><em>pro</em></strong></span> <span class='ocrx_word' id='word_1_53' title='bbox 816 1215 955 1262; x_wconf 84' lang='lat' dir='ltr'><strong><em>conuentu</em></strong></span> <span class='ocrx_word' id='word_1_54' title='bbox 969 1226 977 1260; x_wconf 93' lang='lat'><strong><em>.·</em></strong></span> <span class='ocrx_word' id='word_1_55' title='bbox 993 1216 1022 1262; x_wconf 87' lang='lat' dir='ltr'><strong><em>et</em></strong></span> 
     </span>
     <span class='ocr_line' id='line_1_10' title="bbox 329 1270 1021 1362; baseline 0 -20"><span class='ocrx_word' id='word_1_56' title='bbox 329 1284 477 1343; x_wconf 84' lang='lat' dir='ltr'><strong><em>Picardus</em></strong></span> <span class='ocrx_word' id='word_1_57' title='bbox 500 1284 557 1342; x_wconf 86' lang='lat' dir='ltr'><strong><em>sibi</em></strong></span> <span class='ocrx_word' id='word_1_58' title='bbox 567 1270 679 1362; x_wconf 75' lang='lat' dir='ltr'><strong><em>&#39;fregit</em></strong></span> <span class='ocrx_word' id='word_1_59' title='bbox 705 1285 837 1355; x_wconf 77' lang='lat' dir='ltr'><strong><em>bursam,</em></strong></span> <span class='ocrx_word' id='word_1_60' title='bbox 869 1285 1021 1342; x_wconf 78' lang='lat' dir='ltr'><strong><em>clamando</em></strong></span> 
     </span>
     <span class='ocr_line' id='line_1_11' title="bbox 331 1363 1021 1436; baseline -0.001 -14"><span class='ocrx_word' id='word_1_61' title='bbox 331 1366 430 1422; x_wconf 85' lang='lat' dir='ltr'>Mater</span> <span class='ocrx_word' id='word_1_62' title='bbox 444 1363 508 1436; x_wconf 88' lang='lat' dir='ltr'><strong><em>Dei,</em></strong></span> <span class='ocrx_word' id='word_1_63' title='bbox 524 1374 625 1421; x_wconf 88' lang='lat' dir='ltr'><strong><em>contra</em></strong></span> <span class='ocrx_word' id='word_1_64' title='bbox 640 1364 835 1422; x_wconf 87' lang='lat' dir='ltr'><strong><em>Lutheranos.</em></strong></span> <span class='ocrx_word' id='word_1_65' title='bbox 850 1364 911 1421; x_wconf 81' lang='lat' dir='ltr'><strong><em>Sed</em></strong></span> <span class='ocrx_word' id='word_1_66' title='bbox 925 1374 1021 1421; x_wconf 87' lang='lat' dir='ltr'><strong><em>tamen</em></strong></span> 
     </span>
     <span class='ocr_line' id='line_1_12' title="bbox 328 1443 1021 1520; baseline 0 -19"><span class='ocrx_word' id='word_1_67' title='bbox 328 1462 386 1501; x_wconf 89' lang='lat' dir='ltr'><strong><em>non</em></strong></span> <span class='ocrx_word' id='word_1_68' title='bbox 403 1443 589 1501; x_wconf 81' lang='lat' dir='ltr'><em>transibimus</em></span> <span class='ocrx_word' id='word_1_69' title='bbox 604 1444 683 1501; x_wconf 84' lang='lat' dir='ltr'><strong><em>istud</em></strong></span> <span class='ocrx_word' id='word_1_70' title='bbox 697 1444 725 1500; x_wconf 90' lang='lat' dir='ltr'><strong><em>in</em></strong></span> <span class='ocrx_word' id='word_1_71' title='bbox 739 1455 879 1520; x_wconf 86' lang='lat' dir='ltr'><strong><em>punctum</em></strong></span> <span class='ocrx_word' id='word_1_72' title='bbox 893 1444 1021 1502; x_wconf 88' lang='lat' dir='ltr'><strong><em>Domino</em></strong></span> 
     </span>
     <span class='ocr_line' id='line_1_13' title="bbox 328 1523 1021 1601; baseline 0 -20"><span class='ocrx_word' id='word_1_73' title='bbox 328 1523 549 1581; x_wconf 82' lang='lat' dir='ltr'><strong><em>Nunc-Abbati.</em></strong></span> <span class='ocrx_word' id='word_1_74' title='bbox 569 1525 651 1580; x_wconf 92' lang='lat' dir='ltr'><strong><em>Nam</em></strong></span> <span class='ocrx_word' id='word_1_75' title='bbox 667 1524 798 1599; x_wconf 82' lang='lat' dir='ltr'><strong><em>quamuis</em></strong></span> <span class='ocrx_word' id='word_1_76' title='bbox 815 1524 941 1581; x_wconf 87' lang='lat' dir='ltr'><strong><em>sciamus</em></strong></span> <span class='ocrx_word' id='word_1_77' title='bbox 957 1542 1021 1601; x_wconf 85' lang='lat' dir='ltr'><strong><em>poe-</em></strong></span> 
     </span>
     <span class='ocr_line' id='line_1_14' title="bbox 329 1603 1017 1679; baseline 0.003 -20"><span class='ocrx_word' id='word_1_78' title='bbox 329 1621 398 1660; x_wconf 90' lang='lat' dir='ltr'><strong><em>nam</em></strong></span> <span class='ocrx_word' id='word_1_79' title='bbox 424 1620 478 1659; x_wconf 91' lang='lat' dir='ltr'><strong><em>non</em></strong></span> <span class='ocrx_word' id='word_1_80' title='bbox 497 1604 605 1679; x_wconf 84' lang='lat' dir='ltr'><strong><em>jacere</em></strong></span> <span class='ocrx_word' id='word_1_81' title='bbox 628 1605 794 1677; x_wconf 75' lang='lat' dir='ltr'><em>Martyres,</em></span> <span class='ocrx_word' id='word_1_82' title='bbox 815 1603 868 1661; x_wconf 84' lang='lat' dir='ltr'><strong><em>sed</em></strong></span> <span class='ocrx_word' id='word_1_83' title='bbox 889 1620 1017 1675; x_wconf 87' lang='lat' dir='ltr'><strong><em>causam,</em></strong></span> 
     </span>
     <span class='ocr_line' id='line_1_15' title="bbox 329 1682 1020 1758; baseline 0.001 -19"><span class='ocrx_word' id='word_1_84' title='bbox 329 1694 427 1740; x_wconf 88' lang='lat' dir='ltr'><strong><em>tamen</em></strong></span> <span class='ocrx_word' id='word_1_85' title='bbox 446 1682 569 1740; x_wconf 82' lang='lat' dir='ltr'><strong><em>dicimus</em></strong></span> <span class='ocrx_word' id='word_1_86' title='bbox 591 1683 667 1758; x_wconf 81' lang='lat' dir='ltr'><strong><em>quod</em></strong></span> <span class='ocrx_word' id='word_1_87' title='bbox 690 1684 777 1741; x_wconf 81' lang='lat' dir='ltr'><strong><em>Crux</em></strong></span> <span class='ocrx_word' id='word_1_88' title='bbox 800 1693 843 1740; x_wconf 91' lang='lat' dir='ltr'><strong><em>est</em></strong></span> <span class='ocrx_word' id='word_1_89' title='bbox 865 1700 924 1740; x_wconf 90' lang='lat' dir='ltr'><strong><em>una</em></strong></span> <span class='ocrx_word' id='word_1_90' title='bbox 948 1684 1020 1740; x_wconf 87' lang='lat' dir='ltr'><strong><em>bona</em></strong></span> 
     </span>
     <span class='ocr_line' id='line_1_16' title="bbox 329 1762 1021 1839; baseline -0.001 -19"><span class='ocrx_word' id='word_1_91' title='bbox 329 1762 572 1820; x_wconf 79' lang='lat' dir='ltr'><strong><em>nota&#39;Ecclesiae:</em></strong></span> <span class='ocrx_word' id='word_1_92' title='bbox 584 1764 693 1839; x_wconf 73' lang='lat' dir='ltr'><strong><em>etauio</em></strong></span> <span class='ocrx_word' id='word_1_93' title='bbox 706 1763 836 1820; x_wconf 82' lang='lat' dir='ltr'><strong><em>uidemus</em></strong></span> <span class='ocrx_word' id='word_1_94' title='bbox 847 1762 932 1821; x_wconf 80' lang='lat' dir='ltr'><strong><em>hodie</em></strong></span> <span class='ocrx_word' id='word_1_95' title='bbox 945 1763 1021 1837; x_wconf 81' lang='lat' dir='ltr'><strong><em>quod</em></strong></span> 
     </span>
     <span class='ocr_line' id='line_1_17' title="bbox 327 1842 1021 1920; baseline -0.001 -21"><span class='ocrx_word' id='word_1_96' title='bbox 327 1851 432 1899; x_wconf 88' lang='lat' dir='ltr'><strong><em>contra</em></strong></span> <span class='ocrx_word' id='word_1_97' title='bbox 454 1858 505 1899; x_wconf 90' lang='lat' dir='ltr'><strong><em>nos</em></strong></span> <span class='ocrx_word' id='word_1_98' title='bbox 529 1860 584 1898; x_wconf 95' lang='lat' dir='ltr'><strong><em>non</em></strong></span> <span class='ocrx_word' id='word_1_99' title='bbox 601 1852 757 1920; x_wconf 83' lang='lat' dir='ltr'><strong><em>pugnatur</em></strong></span> <span class='ocrx_word' id='word_1_100' title='bbox 784 1842 842 1899; x_wconf 91' lang='lat' dir='ltr'><strong><em>nisi</em></strong></span> <span class='ocrx_word' id='word_1_101' title='bbox 862 1842 967 1919; x_wconf 77' lang='lat' dir='ltr'><strong><em>gladio</em></strong></span> <span class='ocrx_word' id='word_1_102' title='bbox 992 1852 1021 1898; x_wconf 87' lang='lat' dir='ltr'><strong><em>et</em></strong></span> 
     </span>
     <span class='ocr_line' id='line_1_18' title="bbox 319 1921 1019 1998; baseline -0.001 -19"><span class='ocrx_word' id='word_1_103' title='bbox 319 1921 469 1998; x_wconf 85' lang='lat' dir='ltr'><strong><em>flammis,</em></strong></span> <span class='ocrx_word' id='word_1_104' title='bbox 487 1922 563 1979; x_wconf 87' lang='lat' dir='ltr'><strong><em>sicut</em></strong></span> <span class='ocrx_word' id='word_1_105' title='bbox 583 1923 672 1979; x_wconf 88' lang='lat' dir='ltr'><strong><em>etiam</em></strong></span> <span class='ocrx_word' id='word_1_106' title='bbox 695 1923 766 1979; x_wconf 83' lang='lat' dir='ltr'><strong><em>oiim</em></strong></span> <span class='ocrx_word' id='word_1_107' title='bbox 784 1922 909 1980; x_wconf 89' lang='lat' dir='ltr'><strong><em>Arriani</em></strong></span> <span class='ocrx_word' id='word_1_108' title='bbox 918 1922 1019 1998; x_wconf 86' lang='lat' dir='ltr'><strong><em>sacie-</em></strong></span> 
     </span>
     <span class='ocr_line' id='line_1_19' title="bbox 328 2001 1019 2074; baseline 0 -15"><span class='ocrx_word' id='word_1_109' title='bbox 328 2002 398 2059; x_wconf 83' lang='lat' dir='ltr'><strong><em>bant</em></strong></span> <span class='ocrx_word' id='word_1_110' title='bbox 412 2001 552 2058; x_wconf 85' lang='lat' dir='ltr'><strong><em>aduersus</em></strong></span> <span class='ocrx_word' id='word_1_111' title='bbox 574 2001 769 2074; x_wconf 75' lang='lat' dir='ltr'><strong><em>ChristianoS,</em></strong></span> <span class='ocrx_word' id='word_1_112' title='bbox 786 2020 839 2060; x_wconf 93' lang='lat' dir='ltr'><strong><em>nos</em></strong></span> <span class='ocrx_word' id='word_1_113' title='bbox 851 2012 949 2059; x_wconf 87' lang='lat' dir='ltr'><strong><em>autem</em></strong></span> <span class='ocrx_word' id='word_1_114' title='bbox 964 2020 1019 2059; x_wconf 91' lang='lat' dir='ltr'><strong><em>non</em></strong></span> 
     </span>
     <span class='ocr_line' id='line_1_20' title="bbox 323 2081 1044 2160; baseline 0.003 -24"><span class='ocrx_word' id='word_1_115' title='bbox 323 2097 494 2158; x_wconf 79' lang='lat' dir='ltr'><strong><em>pugnamus</em></strong></span> <span class='ocrx_word' id='word_1_116' title='bbox 515 2081 573 2138; x_wconf 90' lang='lat' dir='ltr'><strong><em>nisi</em></strong></span> <span class='ocrx_word' id='word_1_117' title='bbox 591 2082 653 2140; x_wconf 83' lang='lat' dir='ltr'><strong><em>solo</em></strong></span> <span class='ocrx_word' id='word_1_118' title='bbox 670 2081 785 2160; x_wconf 75' lang='lat' dir='ltr'><strong><em>gladio,</em></strong></span> <span class='ocrx_word' id='word_1_119' title='bbox 805 2082 836 2138; x_wconf 82' lang='lat' dir='ltr'><strong><em>id</em></strong></span> <span class='ocrx_word' id='word_1_120' title='bbox 858 2091 910 2152; x_wconf 89' lang='lat' dir='ltr'><strong><em>est,</em></strong></span> <span class='ocrx_word' id='word_1_121' title='bbox 933 2082 1019 2139; x_wconf 83' lang='lat' dir='ltr'><strong><em>uerbo</em></strong></span> <span class='ocrx_word' id='word_1_122' title='bbox 1042 2105 1044 2107; x_wconf 48' lang='lat'>&gt;</span> 
     </span>
     <span class='ocr_line' id='line_1_21' title="bbox 325 2160 1018 2220; baseline -0.001 -2"><span class='ocrx_word' id='word_1_123' title='bbox 325 2160 406 2218; x_wconf 89' lang='lat' dir='ltr'><strong><em>Dei:</em></strong></span> <span class='ocrx_word' id='word_1_124' title='bbox 417 2160 540 2218; x_wconf 84' lang='lat' dir='ltr'><strong><em>dicimus</em></strong></span> <span class='ocrx_word' id='word_1_125' title='bbox 555 2161 644 2219; x_wconf 87' lang='lat' dir='ltr'><strong><em>etiam</em></strong></span> <span class='ocrx_word' id='word_1_126' title='bbox 657 2163 711 2218; x_wconf 88' lang='lat' dir='ltr'><strong><em>hoc</em></strong></span> <span class='ocrx_word' id='word_1_127' title='bbox 723 2178 787 2220; x_wconf 86' lang='lat' dir='ltr'><strong><em>esse</em></strong></span> <span class='ocrx_word' id='word_1_128' title='bbox 801 2179 888 2218; x_wconf 90' lang='lat' dir='ltr'><strong><em>unum</em></strong></span> <span class='ocrx_word' id='word_1_129' title='bbox 903 2161 1018 2219; x_wconf 79' lang='lat' dir='ltr'><strong><em>euidens</em></strong></span> 
     </span>
     <span class='ocr_line' id='line_1_22' title="bbox 313 2241 1073 2318; baseline 0 -21"><span class='ocrx_word' id='word_1_130' title='bbox 313 2249 544 2318; x_wconf 80' lang='lat' dir='ltr'><strong><em>argumentum,</em></strong></span> <span class='ocrx_word' id='word_1_131' title='bbox 561 2241 675 2316; x_wconf 84' lang='lat' dir='ltr'><strong><em>Papam</em></strong></span> <span class='ocrx_word' id='word_1_132' title='bbox 688 2258 753 2296; x_wconf 91' lang='lat' dir='ltr'><strong><em>cum</em></strong></span> <span class='ocrx_word' id='word_1_133' title='bbox 768 2241 831 2298; x_wconf 86' lang='lat' dir='ltr'><strong><em>suis</em></strong></span> <span class='ocrx_word' id='word_1_134' title='bbox 844 2257 907 2299; x_wconf 82' lang='lat' dir='ltr'><strong><em>esse</em></strong></span> <span class='ocrx_word' id='word_1_135' title='bbox 918 2241 1018 2298; x_wconf 81' lang='lat' dir='ltr'><strong><em>diabo-</em></strong></span> <span class='ocrx_word' id='word_1_136' title='bbox 1070 2302 1073 2307; x_wconf 51' lang='grc'>,</span> 
     </span>
     <span class='ocr_line' id='line_1_23' title="bbox 325 2320 1017 2397; baseline -0.001 -20"><span class='ocrx_word' id='word_1_137' title='bbox 325 2321 399 2392; x_wconf 79' lang='lat' dir='ltr'><strong><em>lum,</em></strong></span> <span class='ocrx_word' id='word_1_138' title='bbox 414 2337 466 2377; x_wconf 89' lang='lat' dir='ltr'><strong><em>nos</em></strong></span> <span class='ocrx_word' id='word_1_139' title='bbox 483 2329 580 2378; x_wconf 85' lang='lat' dir='ltr'><strong><em>autem</em></strong></span> <span class='ocrx_word' id='word_1_140' title='bbox 599 2336 661 2377; x_wconf 87' lang='lat' dir='ltr'><strong><em>esse</em></strong></span> <span class='ocrx_word' id='word_1_141' title='bbox 680 2337 746 2378; x_wconf 85' lang='lat' dir='ltr'><strong><em>oues</em></strong></span> <span class='ocrx_word' id='word_1_142' title='bbox 763 2320 871 2397; x_wconf 86' lang='lat' dir='ltr'><strong><em>gregis</em></strong></span> <span class='ocrx_word' id='word_1_143' title='bbox 895 2321 1017 2393; x_wconf 85' lang='lat' dir='ltr'><strong><em>Christi,</em></strong></span> 
     </span>
     <span class='ocr_line' id='line_1_24' title="bbox 324 2399 1019 2478; baseline -0.001 -21"><span class='ocrx_word' id='word_1_144' title='bbox 324 2418 393 2478; x_wconf 79' lang='lat' dir='ltr'><strong><em>quoe</em></strong></span> <span class='ocrx_word' id='word_1_145' title='bbox 405 2417 460 2457; x_wconf 93' lang='lat' dir='ltr'><strong><em>non</em></strong></span> <span class='ocrx_word' id='word_1_146' title='bbox 470 2399 592 2457; x_wconf 82' lang='lat' dir='ltr'><strong><em>audiunt</em></strong></span> <span class='ocrx_word' id='word_1_147' title='bbox 602 2417 700 2457; x_wconf 87' lang='lat' dir='ltr'><strong><em>uocem</em></strong></span> <span class='ocrx_word' id='word_1_148' title='bbox 708 2401 765 2459; x_wconf 89' lang='lat' dir='ltr'><strong><em>nisi</em></strong></span> <span class='ocrx_word' id='word_1_149' title='bbox 775 2400 822 2458; x_wconf 87' lang='lat' dir='ltr'><strong><em>sui</em></strong></span> <span class='ocrx_word' id='word_1_150' title='bbox 833 2400 974 2472; x_wconf 85' lang='lat' dir='ltr'><strong><em>Pastoris,</em></strong></span> <span class='ocrx_word' id='word_1_151' title='bbox 990 2409 1019 2456; x_wconf 92' lang='lat' dir='ltr'><strong><em>et</em></strong></span> 
     </span>
     <span class='ocr_line' id='line_1_25' title="bbox 324 2481 1017 2555; baseline -0.001 -17"><span class='ocrx_word' id='word_1_152' title='bbox 324 2498 390 2555; x_wconf 85' lang='lat' dir='ltr'><strong><em>quae</em></strong></span> <span class='ocrx_word' id='word_1_153' title='bbox 411 2489 561 2554; x_wconf 82' lang='lat' dir='ltr'><strong><em>sequentes</em></strong></span> <span class='ocrx_word' id='word_1_154' title='bbox 580 2496 664 2536; x_wconf 87' lang='lat' dir='ltr'><strong><em>suum</em></strong></span> <span class='ocrx_word' id='word_1_155' title='bbox 688 2481 851 2552; x_wconf 87' lang='lat' dir='ltr'><strong><em>Pastorem,</em></strong></span> <span class='ocrx_word' id='word_1_156' title='bbox 875 2488 943 2536; x_wconf 84' lang='lat' dir='ltr'><strong><em>eunt</em></strong></span> <span class='ocrx_word' id='word_1_157' title='bbox 967 2498 1017 2537; x_wconf 88' lang='lat' dir='ltr'><strong><em>uo·</em></strong></span> 
     </span>
     <span class='ocr_line' id='line_1_26' title="bbox 325 2558 1016 2636; baseline 0 -20"><span class='ocrx_word' id='word_1_158' title='bbox 325 2561 417 2618; x_wconf 74' lang='lat' dir='ltr'><strong><em>lentes</em></strong></span> <span class='ocrx_word' id='word_1_159' title='bbox 434 2558 474 2615; x_wconf 82' lang='lat' dir='ltr'><strong><em>ad</em></strong></span> <span class='ocrx_word' id='word_1_160' title='bbox 486 2577 611 2631; x_wconf 89' lang='lat' dir='ltr'><strong><em>crucem,</em></strong></span> <span class='ocrx_word' id='word_1_161' title='bbox 633 2570 661 2616; x_wconf 87' lang='lat' dir='ltr'><strong><em>et</em></strong></span> <span class='ocrx_word' id='word_1_162' title='bbox 674 2560 807 2636; x_wconf 81' lang='lat' dir='ltr'><strong><em>gaudent</em></strong></span> <span class='ocrx_word' id='word_1_163' title='bbox 825 2560 854 2616; x_wconf 91' lang='lat' dir='ltr'><strong><em>in</em></strong></span> <span class='ocrx_word' id='word_1_164' title='bbox 873 2559 1016 2635; x_wconf 81' lang='lat' dir='ltr'><strong><em>afflictio-</em></strong></span> 
     </span>
     <span class='ocr_line' id='line_1_27' title="bbox 324 2638 1017 2717; baseline 0 -20"><span class='ocrx_word' id='word_1_165' title='bbox 324 2640 408 2697; x_wconf 83' lang='lat' dir='ltr'><strong><em>nibus</em></strong></span> <span class='ocrx_word' id='word_1_166' title='bbox 422 2638 492 2709; x_wconf 86' lang='lat' dir='ltr'><strong><em>suis,</em></strong></span> <span class='ocrx_word' id='word_1_167' title='bbox 503 2641 602 2715; x_wconf 84' lang='lat' dir='ltr'><strong><em>magis</em></strong></span> <span class='ocrx_word' id='word_1_168' title='bbox 611 2656 700 2716; x_wconf 85' lang='lat' dir='ltr'><strong><em>quam</em></strong></span> <span class='ocrx_word' id='word_1_169' title='bbox 713 2640 770 2717; x_wconf 87' lang='lat' dir='ltr'><strong><em>ipsi</em></strong></span> <span class='ocrx_word' id='word_1_170' title='bbox 781 2639 844 2717; x_wconf 80' lang='lat' dir='ltr'><strong><em>tupi</em></strong></span> <span class='ocrx_word' id='word_1_171' title='bbox 851 2648 881 2695; x_wconf 85' lang='lat' dir='ltr'><strong><em>et</em></strong></span> <span class='ocrx_word' id='word_1_172' title='bbox 891 2648 1017 2697; x_wconf 86' lang='lat' dir='ltr'><strong><em>tortores</em></strong></span> 
     </span>
     <span class='ocr_line' id='line_1_28' title="bbox 322 2718 1015 2790; baseline 0 -15"><span class='ocrx_word' id='word_1_173' title='bbox 322 2737 390 2776; x_wconf 88' lang='lat' dir='ltr'><strong><em>oum</em></strong></span> <span class='ocrx_word' id='word_1_174' title='bbox 415 2718 478 2776; x_wconf 86' lang='lat' dir='ltr'><strong><em>suis</em></strong></span> <span class='ocrx_word' id='word_1_175' title='bbox 494 2719 600 2790; x_wconf 88' lang='lat' dir='ltr'><strong><em>mitris,</em></strong></span> <span class='ocrx_word' id='word_1_176' title='bbox 617 2729 646 2775; x_wconf 86' lang='lat' dir='ltr'><strong><em>et</em></strong></span> <span class='ocrx_word' id='word_1_177' title='bbox 661 2719 775 2790; x_wconf 88' lang='lat' dir='ltr'><strong><em>crossis,</em></strong></span> <span class='ocrx_word' id='word_1_178' title='bbox 799 2728 828 2775; x_wconf 87' lang='lat' dir='ltr'><strong><em>et</em></strong></span> <span class='ocrx_word' id='word_1_179' title='bbox 850 2719 1015 2775; x_wconf 87' lang='lat' dir='ltr'><strong><em>meretrici-</em></strong></span> 
     </span>
     <span class='ocr_line' id='line_1_29' title="bbox 323 2797 1016 2876; baseline 0 -20"><span class='ocrx_word' id='word_1_180' title='bbox 323 2800 375 2856; x_wconf 88' lang='lat' dir='ltr'><strong><em>bus</em></strong></span> <span class='ocrx_word' id='word_1_181' title='bbox 391 2819 399 2854; x_wconf 92' lang='lat'>:</span> <span class='ocrx_word' id='word_1_182' title='bbox 415 2798 452 2856; x_wconf 82' lang='lat' dir='ltr'><strong><em>de</em></strong></span> <span class='ocrx_word' id='word_1_183' title='bbox 469 2816 523 2873; x_wconf 80' lang='lat' dir='ltr'><strong><em>quo</em></strong></span> <span class='ocrx_word' id='word_1_184' title='bbox 544 2816 595 2856; x_wconf 93' lang='lat' dir='ltr'><strong><em>nos</em></strong></span> <span class='ocrx_word' id='word_1_185' title='bbox 615 2800 796 2876; x_wconf 77' lang='lat' dir='ltr'><strong><em>referremus</em></strong></span> <span class='ocrx_word' id='word_1_186' title='bbox 813 2797 853 2854; x_wconf 86' lang='lat' dir='ltr'><strong><em>ad</em></strong></span> <span class='ocrx_word' id='word_1_187' title='bbox 872 2800 1016 2856; x_wconf 85' lang='lat' dir='ltr'><strong><em>conscien-</em></strong></span> 
     </span>
     <span class='ocr_line' id='line_1_30' title="bbox 322 2874 1015 2954; baseline 0.003 -19"><span class='ocrx_word' id='word_1_188' title='bbox 322 2880 397 2936; x_wconf 88' lang='lat' dir='ltr'><strong><em>tiam</em></strong></span> <span class='ocrx_word' id='word_1_189' title='bbox 411 2879 534 2935; x_wconf 88' lang='lat' dir='ltr'><strong><em>Domini</em></strong></span> <span class='ocrx_word' id='word_1_190' title='bbox 541 2874 777 2951; x_wconf 84' lang='lat' dir='ltr'><strong><em>Nune-Abbatis,</em></strong></span> <span class='ocrx_word' id='word_1_191' title='bbox 787 2878 815 2936; x_wconf 93' lang='lat' dir='ltr'><strong><em>si</em></strong></span> <span class='ocrx_word' id='word_1_192' title='bbox 825 2878 886 2954; x_wconf 89' lang='lat' dir='ltr'><strong><em>ipse</em></strong></span> <span class='ocrx_word' id='word_1_193' title='bbox 896 2877 1015 2937; x_wconf 84' lang='lat' dir='ltr'><strong><em>haberet</em></strong></span> 
     </span>
     <span class='ocr_line' id='line_1_31' title="bbox 321 2977 422 3017; baseline -0.02 0"><span class='ocrx_word' id='word_1_194' title='bbox 321 2977 422 3017; x_wconf 89' lang='lat' dir='ltr'><strong><em>unam.</em></strong></span> 
     </span>
    </p>

    <p class='ocr_par' dir='ltr' id='par_1_4' title="bbox 355 3039 1013 3116">
     <span class='ocr_line' id='line_1_32' title="bbox 355 3039 1013 3116; baseline -0.005 -18"><span class='ocrx_word' id='word_1_195' title='bbox 355 3039 420 3098; x_wconf 80' lang='lat' dir='ltr'><strong><em>Sea</em></strong></span> <span class='ocrx_word' id='word_1_196' title='bbox 443 3048 590 3116; x_wconf 78' lang='lat' dir='ltr'><strong><em>praterea</em></strong></span> <span class='ocrx_word' id='word_1_197' title='bbox 612 3048 680 3098; x_wconf 88' lang='lat' dir='ltr'><strong><em>sunt</em></strong></span> <span class='ocrx_word' id='word_1_198' title='bbox 703 3039 835 3115; x_wconf 79' lang='lat' dir='ltr'><strong><em>quadam</em></strong></span> <span class='ocrx_word' id='word_1_199' title='bbox 862 3040 1013 3098; x_wconf 81' lang='lat' dir='ltr'><strong><em>mirabilia</em></strong></span> 
     </span>
    </p>
   </div>
   <div class='ocr_carea' id='block_1_4' title="bbox 0 0 1354 3800">
    <p class='ocr_par' dir='ltr' id='par_1_5' title="bbox 0 0 1354 3800">
     <span class='ocr_line' id='line_1_33' title="bbox 0 0 1354 3800; baseline 0 3"><span class='ocrx_word' id='word_1_200' title='bbox 0 0 1354 3800; x_wconf 95' lang='lat' dir='ltr'><strong><em> </em></strong></span> 
     </span>
    </p>
   </div>
  </div>
 </body>
</html>
