2700 3800
570 525 606 563 ns
627 507 795 562 Pnssnvunr
992 509 1026 567 33

331 632 438 688 dere
427 648 455 686 m
474 632 581 702 Deum,
599 641 627 687 et
635 631 720 704 jubet
737 648 853 706 semper
868 631 1029 689 dubitare.-

330 713 405 789 quia
432 722 507 768 esset
534 728 591 767 una
624 724 734 788 magna
763 713 939 803 arrogantia
965 730 1029 771 esse

329 809 469 849 securum
489 791 525 847 de
544 808 598 848 sua
615 791 732 848 salute
753 792 840 858 etsie
858 793 978 863 accidit,
995 804 1028 850 ut

331 872 470 928 diceretis
482 871 587 927 melius
600 887 687 962 quam
697 871 856 947 putabatis.
874 873 1026 932 Praeterea

330 970 390 1008 non
403 951 509 1025 facitis
523 951 571 1007 ibi
589 952 762 1008 mentionem
783 952 819 1008 de
833 952 977 1027 operibus,
997 964 1027 1011 et

332 1042 431 1087 tamen
447 1032 526 1107 fides
544 1031 680 1107 separari
699 1040 837 1107 potesta
860 1032 1023 1089 charitate:
1066 1101 1069 1108 ¹

329 1129 408 1186 ergo
433 1120 531 1168 uestra
557 1110 702 1167 conclusio
730 1121 774 1167 est
801 1110 969 1187 defectuosa
996 1123 1026 1169 et

326 1192 451 1268 piarum
465 1191 582 1247 aurium
593 1191 743 1268 offensiua.
760 1212 776 1245 »

369 1292 384 1325 (ι
394 1273 479 1329 -Et
492 1272 568 1341 bene,
579 1292 594 1324 »
608 1271 684 1338 dixi,
703 1293 715 1325 ι
729 1271 765 1327 de
774 1271 1023 1348 secundopraesa-

331 1352 481 1409 tioneP-
502 1352 605 1421 Quoad
615 1352 746 1443 primum
760 1361 908 1427 punctum,
928 1372 940 1405 n
962 1370 1023 1409 res·

325 1432 441 1508 pandit,
456 1452 470 1485 o
483 1432 543 1512 ipse
552 1431 636 1487 ualde
647 1432 731 1488 timet
741 1432 1022 1504 momosnebuloncs,

328 1511 384 1569 sed
394 1510 515 1567 debebat
522 1529 622 1567 eorum
632 1511 788 1592 qualitates
801 1512 1024 1588 exprimerent

328 1602 596 1666 cognoscerentur:
613 1609 682 1647 nam
701 1591 818 1648 cuilibet
834 1592 901 1648 iicet
919 1593 960 1648 ita
979 1592 1022 1649 lo-

328 1673 401 1747 qui:
413 1689 513 1728 uerum
529 1689 568 1728 ex
583 1672 744 1728 rationibus
761 1672 945 1764 cognoscitur
958 1673 1022 1749 quis

329 1752 404 1807 bene
424 1750 529 1807 dicat:
549 1752 624 1825 qnod
641 1752 669 1807 si
688 1752 749 1827 ipse
759 1751 891 1826 jecisset,
915 1753 975 1843 ipse
991 1770 1023 1809 se

327 1831 511 1923 cognovisset
536 1849 576 1887 ex
599 1849 720 1888 numero
741 1850 841 1888 eorum
867 1849 939 1907 quos
961 1832 1022 1908 ipse

329 1912 439 1968 timet:
454 1910 523 1986 quia
541 1913 604 1986 quis
621 1922 663 1968 est
680 1913 779 1991 magis
792 1930 913 1982 momus,
934 1929 1021 1986 quam

327 2009 379 2068 qm
376 1991 580 2067 reprehendit
591 1991 667 2067 quod
676 1987 735 2049 neh
741 1992 912 2067 inteiligit?
921 1993 1021 2066 Ipsum

328 2081 428 2128 autem
444 2089 498 2128 non
512 2071 681 2147 intelligere
694 2073 770 2146 quod
779 2071 865 2143 dicat,
884 2072 1020 2147 ipsemet-

330 2152 394 2227 ipse
424 2151 557 2222 ostendit,
587 2152 701 2225 quando
722 2153 841 2224 fatetur
871 2168 903 2207 se
928 2168 1022 2208 sacrae

333 2231 506 2307 Theologiae
522 2233 700 2304 tyrocinium
717 2232 770 2287 rix
789 2249 913 2305 unquam
929 2232 1020 2306 perti·

327 2312 419 2388 gisse.
439 2312 520 2368 Unde
531 2313 605 2368 satis
614 2321 707 2387 patet,
724 2312 800 2387 quod
812 2329 866 2367 non
879 2311 976 2367 debuit
990 2328 1022 2368 se

328 2393 453 2448 miscere
463 2391 500 2447 de
511 2409 552 2462 re,
565 2410 651 2468 quam
664 2392 736 2447 adeo
748 2409 856 2467 parum
872 2390 1020 2467 intellige·
1060 2426 1062 2430 >
1150 2428 1152 2436 ‹

329 2471 387 2527 bat.
417 2473 525 2529 Verum
543 2472 673 2545 estquod
692 2472 754 2547 ipse
764 2481 868 2547 postea
890 2471 969 2540 dicit,
989 2488 1021 2528 se

329 2551 523 2607 essebonum
551 2551 749 2621 Canonistam,
780 2551 893 2626 dequo
918 2560 1020 2625 postea

329 2629 467 2686 dicemus.
497 2631 584 2705 Ergo
610 2630 853 2705 Liretusmetipse
878 2640 921 2686 est
949 2646 1020 2686 unus

329 2709 480 2766 maximus
495 2726 607 2765 momus
623 2710 726 2766 nebulo
734 2727 791 2785 per
804 2726 887 2766 suam
903 2709 1018 2785 gulam,

329 2781 447 2864 etfacit
464 2790 539 2845 sicut
555 2789 661 2845 stultus
679 2790 790 2846 domini
811 2789 846 2844 de
861 2789 1018 2862 Borbonio,

329 2886 413 2944 quem
430 2869 714 2937 uocabantJoanum,
732 2868 782 2943 qui
796 2869 921 2944 seipsum
938 2887 1019 2925 mor-

328 2948 415 3004 debat
429 2969 438 3004 .·
453 2967 487 3006 ue
489 2949 584 3023 isacit
595 2949 669 3005 sicut
683 2949 853 3006 Andabatae.
868 2950 1018 3005 -Anda-

329 3027 452 3086 bataein
467 3029 535 3085 dixi
549 3046 613 3105 ego,
633 3048 646 3083 ι
669 3028 784 3104 etquid
804 3028 856 3087 boc
873 3031 941 3086 est?
962 3046 1018 3106 ego
