2700 3800
558 406 597 446 ns
617 389 783 446 Puuvm
965 390 1016 464 ¹⁵9

338 512 472 583 heretico,
499 510 570 586 quia
593 521 624 567 tu
649 510 759 567 clamas
780 527 889 587 parum
917 521 1016 568 contra

336 591 532 659 Scholasticos‚
546 590 599 648 sed
613 600 643 646 tu
654 591 741 666 ponis
754 607 840 645 unam
855 590 1015 647 distinctio·

335 688 392 727 nem
402 688 470 746 qua
487 679 583 726 uastat
597 678 710 725 totum:
729 669 796 743 quia
811 680 841 724 tu
851 679 940 744 putas
953 671 1015 726 Au-

332 752 488 827 gusteum,
505 766 560 805 non
579 749 657 824 loqui
670 748 706 805 de
718 749 835 806 statutis
854 750 1016 824 Episcopo-

332 847 402 899 rum,
418 846 512 904 neque
526 827 562 885 de
584 828 786 885 consuetudine
803 828 943 885 universa
955 830 1015 885 Ec-

330 910 432 980 clesioe,
448 909 501 966 sed
514 909 552 965 de
562 907 683 966 diuasis
695 909 822 965 moribus
836 908 1015 965 diversorum

277 1053 281 1074 Ι
330 988 465 1046 locorum.
490 987 548 1045 Ubi
566 988 690 1045 inuenies
711 998 741 1044 tu
756 986 925 1045 lstaiNam
938 1005 1015 1044 sem·

277 1081 279 1086 ·
327 1085 376 1143 per
386 1067 526 1143 quicquid
535 1067 640 1138 dicitis,
653 1068 741 1124 etiam
749 1068 861 1142 quando
871 1068 1016 1124 mentimi-

329 1148 357 1204 ui
367 1158 483 1223 aperte,
495 1163 546 1204 uos
558 1164 673 1223 semper
685 1146 782 1205 dicitis
794 1147 869 1223 quod
882 1146 1017 1204 Ecclesia

329 1243 443 1303 semper
465 1226 510 1283 sic
527 1228 613 1302 jecit,
638 1236 667 1282 et
689 1226 731 1282 sic
746 1226 896 1283 decreuit:
919 1235 946 1281 et
975 1227 1016 1281 ita

329 1306 429 1364 luditis
453 1322 505 1363 uos
518 1306 555 1362 de
578 1306 731 1362 animabus
744 1322 909 1381 pauperum
926 1305 1016 1380 :quia

329 1386 411 1462 Papa
426 1384 573 1461 approbat
591 1385 689 1441 omnia
709 1402 766 1461 pro
778 1384 908 1459 pecunia,
926 1395 1016 1441 etuas

329 1474 474 1522 creaturae
484 1464 563 1520 illius
577 1462 686 1520 debetis
700 1464 745 1518 illi
750 1481 807 1538 per
814 1465 1015 1537 juramentum

328 1541 520 1602 obedientiam
541 1560 655 1599 omnem
678 1562 688 1597 .·
716 1552 745 1599 et
768 1542 925 1617 defenditis
942 1542 1016 1599 sicut

330 1622 496 1692 lt'striones,
510 1639 545 1678 ne
555 1621 620 1697 quis
632 1621 769 1697 respiciat
781 1622 852 1696 quid
863 1622 943 1678 sitin
957 1638 1016 1678 ues-

331 1703 382 1758 tris
401 1700 543 1779 giberris,
568 1700 683 1757 Gallice
703 1700 873 1774 gibecicres.
894 1702 938 1758 Et
961 1717 1015 1756 non

329 1781 414 1838 uultis
441 1779 520 1854 quod
551 1780 650 1855 legant
675 1790 803 1835 sanctam
831 1779 1015 1854 scripturam

331 1860 454 1931 Gallice,
476 1868 505 1916 et
519 1860 560 1916 ita
574 1862 671 1916 omnia
684 1859 752 1916 lene
764 1858 844 1916 uadit
859 1858 1015 1916 secundum

331 1939 515 1996 intentionem
538 1939 641 1996 Sancti
660 1938 827 2014 Augustini.
850 1939 931 1994 Nam
952 1938 1017 2013 quis

331 2019 461 2096 corriget
480 2019 546 2088 ista,
569 2035 633 2074 cum
646 2019 731 2092 Papa
748 2018 788 2075 sit
805 2034 895 2092 supra
911 2018 1016 2075 Conci·

331 2097 412 2168 lium,
437 2107 468 2154 et
494 2098 583 2152 etiam
608 2097 636 2154 si
662 2115 717 2153 non
742 2107 825 2163 esset,
852 2096 1016 2154 Concilium

331 2195 382 2234 nan
392 2186 495 2253 posset
515 2177 607 2233 teneri
620 2176 679 2233 nisi
690 2176 730 2231 ad
740 2176 879 2251 placitum
894 2176 1017 2232 Domini

331 2257 452 2332 Papae?
469 2256 617 2325 Breviter,
641 2255 768 2311 Domine
789 2255 1016 2312 Mula-Prasi-

332 2333 399 2393 dens
426 2334 617 2412 montigena‚
650 2335 706 2410 ipsi
735 2334 877 2409 ampliant
900 2351 958 2409 pro
986 2350 1018 2391 se

355 2540 386 2597 (1)
400 2537 518 2584 Proverbe
530 2537 647 2594 empnmtt
655 2536 695 2580 des
706 2536 773 2594 petits
785 2535 895 2581 Grimaux
905 2535 932 2579 de
943 2535 1015 2580 l'Uni-

332 2601 413 2648 meite
423 2612 505 2645 encore
516 2600 617 2643 barbare.
628 2598 741 2643 Mathurin
755 2597 858 2652 Gordia,
870 2610 927 2655 page
936 2597 979 2652 433
989 2598 1018 2643 de

333 2664 417 2709 tonDe
434 2663 506 2708 Corr.
523 2661 598 2707 Serm,
617 2660 715 2716 emend,
732 2659 815 2704 edition
827 2659 853 2703 de
868 2658 922 2704 1531
937 2672 943 2703 ι
958 2661 1016 2705 «Du

333 2730 403 2783 temps
420 2724 461 2782 qui
476 2729 541 2768 court
555 2735 586 2767 on
603 2720 733 2767 ne-saurait
750 2721 805 2766 taire
821 2722 866 2765 bon
885 2721 958 2779 Latin,
979 2734 1018 2768 cor

333 2787 410 2832 omnia
425 2786 490 2831 orale
505 2784 579 2831 uadit.
599 2783 685 2828 onnia
697 2795 791 2840 pessum
801 2783 868 2840 emit.
880 2783 967 2828 Omnia
978 2786 1018 2829 iu-

335 2853 466 2893 vertuntur.
486 2845 641 2891 Proverbium
651 2850 743 2901 estque
755 2845 853 2901 quidam
862 2850 968 2903 nostras,
978 2846 1018 2892 uir

336 2911 392 2956 satu
404 2910 507 2968 tepidus,
516 2908 555 2954 uti
562 2908 630 2953 solet.
644 2925 652 2947 ι
