2700 3800
509 516 544 552 nc
564 499 730 553 Pnssnvnus
925 518 963 573 47

264 622 371 677 coeteri
384 621 519 713 Apostoli
531 632 779 697 acceperuntcum
794 622 885 678 Petro
895 622 966 713 pari

264 701 433 771 consortio,
459 700 597 757 honorem
624 712 652 757 et
670 711 864 777 potestatem,
892 701 966 759 sicut

267 782 299 836 in
325 781 427 857 primo
454 780 545 837 etiam
575 781 694 838 Canone
722 782 861 860 dixerat,
881 780 966 873 quod

267 860 409 934 Apostoli
427 860 668 917 ordinaverunt
656 880 685 918 m
707 862 835 937 singulis
858 862 963 919 civita-

270 940 350 997 tibus
364 940 511 1015 episcopos
521 951 550 996 et
559 941 759 1016 presbyteros.
780 941 807 999 Ο
823 959 963 1018 magnum

269 1020 458 1091 haereticum,
495 1020 617 1096 dignum
648 1020 820 1077 comburi'
809 1039 837 1076 m
864 1021 965 1096 platea

268 1099 434 1156 Malbertil
458 1100 540 1156 Nam
569 1117 611 1159 ex
636 1098 690 1156 hoc
714 1100 858 1176 sequitur,
889 1101 965 1175 quod

269 1180 362 1235 etiam
382 1179 409 1237 si
428 1179 537 1250 Petrus
549 1179 661 1253 suisset
676 1190 771 1255 caput,
789 1197 844 1237 non
852 1181 965 1254 suisset

270 1269 369 1315 tamen
389 1259 447 1316 nisi
467 1276 508 1315 ex
529 1275 666 1317 consensu
691 1259 908 1335 Apostolorum,
935 1270 966 1316 et

267 1339 314 1395 sic
333 1338 402 1413 suit
425 1338 621 1415 privilegium
647 1338 804 1415 personale
830 1358 839 1392 .·
865 1348 894 1394 et
923 1338 965 1394 ita

267 1427 373 1475 sancta
388 1428 485 1474 mater
498 1428 599 1475 nostra
613 1418 749 1476 Ecclesia
766 1418 812 1475 vel
829 1418 889 1474 erit
907 1434 965 1474 una

267 1497 371 1572 hydra
389 1498 548 1556 multorum
569 1498 707 1579 capitum,
723 1498 769 1555 vel
783 1498 845 1554 sine
858 1498 961 1590 capite,

262 1588 336 1655 post
348 1571 480 1635 sanctum
495 1589 643 1635 mortuum
658 1579 803 1635 Petrum:
818 1578 886 1669 quia
896 1579 962 1669 pri·

266 1658 413 1735 vilegium
432 1676 487 1715 non
510 1659 618 1716 transit
635 1658 675 1715 ad
694 1658 833 1730 haercdes,
852 1658 911 1715 nisi
924 1659 965 1716 sit

267 1739 381 1795 dictum
396 1755 544 1814 expresse,
562 1738 638 1815 quod
652 1756 707 1795 non
716 1748 801 1814 patet
815 1739 851 1793 de
864 1748 963 1795 sancto

267 1820 371 1876 Petro.
380 1818 422 1874 Et
435 1821 478 1874 ita
490 1820 628 1876 mentitus
640 1818 699 1875 erit
712 1818 857 1894 Pelagius
868 1818 960 1894 Papa,

268 1898 320 1974 qni
344 1897 424 1955 dixit
446 1898 523 1975 qnod
540 1901 675 1956 Romana
695 1898 843 1969 Ecclesia,
862 1898 963 1956 Euan·

267 1979 369 2056 geliea
384 1996 452 2036 voce
463 1979 628 2054 primatum
643 1979 777 2049 obtinuit,
796 1996 884 2054 quum
900 1979 963 2035 Do-

268 2059 368 2116 minus
393 2058 488 2130 dixit,
515 2060 562 2114 Tu
588 2076 618 2116 es
648 2060 754 2115 Petrus
778 2074 785 2114 :
814 2068 844 2114 et
870 2058 965 2115 adhuc

269 2139 382 2215 magis,
394 2156 480 2214 quum
494 2138 576 2194 dixit
594 2138 669 2213 quod
679 2141 815 2196 Romana
827 2139 964 2195 Ecclesia

267 2237 326 2276 non
346 2218 430 2274 habet
449 2219 603 2290 maculam,
625 2236 716 2294 neque
734 2235 852 2294 rugam.
876 2219 919 2278 Et
938 2218 965 2275 si

267 2317 371 2357 verum
393 2308 435 2355 est
457 2298 533 2373 quod
551 2299 595 2354 ait
613 2298 758 2354 Nicolaus
775 2299 868 2374 Papa,
888 2297 964 2373 quod

267 2396 355 2435 nemo
378 2378 507 2435 audebat
526 2378 719 2434 condemnare
737 2379 852 2454 Papam
873 2379 962 2433 Mar-

267 2458 417 2530 cellinum,
440 2458 491 2534 qni
512 2458 712 2533 abnegaverat
730 2460 828 2514 Deum
840 2467 964 2534 propter

268 2547 390 2609 metum,
408 2539 482 2593 unde
495 2537 611 2614 colligit
625 2538 701 2612 quod
714 2539 799 2613 Papa
812 2540 963 2594 Romanus

269 2629 313 2676 est
335 2635 426 2693 supra
448 2635 573 2673 omncs:
598 2636 654 2693 ego
676 2618 742 2673 dico
759 2618 834 2692 quod
851 2617 963 2674 Panlns

264 2699 330 2774 fuit
347 2698 432 2753 valde
449 2707 708 2772 prasnmptuostts,
727 2697 840 2772 quando
860 2714 962 2771 repre-

269 2779 370 2835 hendit
387 2779 510 2834 Petrum
530 2777 652 2852 publice,
679 2787 708 2834 et
725 2787 874 2852 praterea
887 2775 964 2851 quod

271 2859 333 2933 ipse
355 2874 386 2914 se
407 2858 505 2931 jactat
528 2858 563 2913 de
591 2858 652 2927 hoc,
682 2875 748 2912 cum
777 2874 831 2912 non
857 2856 964 2912 habeat

268 2938 407 2996 Ecclesia
446 2937 591 2993 maculam
630 2953 720 3010 neque
759 2952 878 3012 rugam.
920 2936 962 2993 Et

268 3029 386 3076 sanctus
407 3018 545 3088 Irenans,
572 3017 621 3091 qui
642 3026 703 3072 tam
726 3015 825 3092 rigide
844 3015 963 3090 scripsit
