2700 3800
515 542 552 579 nn
572 524 740 581 Pnsssvnnr
933 526 968 583 85

268 651 320 709 sia
338 659 452 707 estana
469 647 616 704 meretrix
636 648 885 718 meretricissima,
906 665 971 724 quoe

269 731 360 805 (sicut
381 728 452 784 dicit
472 726 590 803 quidam
610 727 771 804 Propheta)
797 726 971 785 divaricavit

271 810 362 867 tibias
389 825 458 866 snas
480 807 533 864 snb
556 808 636 863 omni
660 807 780 879 arbore,
808 818 837 865 et
860 807 970 865 nemini

269 888 386 947 clandit
394 886 543 965 gremium
556 904 652 946 suum.

309 970 338 1028 Ο
344 969 504 1046 pietatem!
516 966 745 1041 osasciculoslo
760 967 889 1027 loannes
903 968 967 1026 An·

270 1048 380 1107 drcasl
391 1045 547 1104 oDomine
555 1046 698 1103 Picardel
709 1048 862 1105 oDomine
870 1048 966 1105 Mail·

271 1127 376 1186 lardel
389 1126 516 1184 Domine
532 1126 668 1183 Clericel
680 1143 698 1182 o
712 1127 839 1183 Domine
856 1128 967 1185 Frater

268 1208 425 1267 Joachime
437 1206 583 1275 Perionie,
592 1206 781 1263 Benedictine
795 1206 966 1265 Cormeria·

268 1306 349 1360 cene,
372 1286 580 1345 Ciceroniana!
599 1303 654 1343 non
673 1287 875 1344 comburemus
896 1287 966 1346 istos

269 1367 446 1426 haretieos?
461 1366 558 1424 Crede
575 1364 656 1437 mitt,
677 1366 706 1424 si
715 1367 821 1442 placet,
838 1366 966 1423 Domine

268 1446 570 1524 Nuper-Prasidens‚
595 1463 653 1524 ego
681 1446 777 1503 neseio
804 1445 854 1502 ubi
875 1446 932 1504 sim
954 1466 964 1501 .-

268 1527 337 1587 ride
348 1544 387 1584 an
401 1537 433 1583 tu
442 1526 539 1602 possis
558 1525 740 1601 respondere,
755 1535 786 1583 et
795 1526 853 1601 sac
866 1525 964 1584 dicere

268 1623 359 1665 unam
378 1607 479 1663 bonam
499 1606 637 1675 Missam,
653 1616 686 1662 ut
698 1606 765 1663 sitis
780 1605 849 1662 bene
869 1606 962 1683 inspi-

267 1686 340 1744 rati.
355 1688 437 1743 Nam
451 1686 515 1743 sine
534 1685 588 1742 hoe
605 1696 648 1744 est
659 1687 777 1762 sactum
798 1687 834 1742 de
853 1688 962 1744 Sancta

266 1769 372 1826 Matre
385 1775 484 1823 nostra
498 1766 652 1822 meretrice
665 1768 800 1823 Romana
814 1765 958 1837 Ecclesia,

265 1857 297 1906 et
313 1846 425 1904 erimus
442 1845 519 1902 Filii
538 1845 725 1903 meretricis:
743 1845 836 1915 etita,
859 1860 960 1902 secun·

264 1927 338 1984 dum
346 1924 957 1997 Canones‚vacabitrestraNunc-Abbatia‚

264 2006 324 2065 nisi
328 2006 456 2083 satiatis
466 2021 611 2082 apparere
622 2004 658 2061 de
666 2004 879 2082 dispensatione
892 2021 958 2061 con-

265 2098 314 2155 tra
320 2088 375 2161 jus
389 2086 527 2144 divinum.

299 2167 361 2225 Sed
380 2167 509 2224 venimus
531 2166 571 2223 ad
596 2167 753 2244 septimum
777 2166 963 2243 Capitulum.

263 2247 300 2304 In
314 2246 438 2324 septimo
447 2245 553 2316 dicitis,
564 2246 639 2320 qnod
649 2246 726 2302 idem
727 2245 955 2321 fundamentum

289 2452 320 2506 (al
336 2451 391 2495 Jenn
402 2449 434 2494 Le
446 2450 518 2506 Clerc,
536 2450 622 2506 negent
633 2450 660 2494 de
670 2449 813 2495 Grammaire
823 2463 852 2495 au
863 2451 954 2508 Colltge

261 2514 288 2558 de
301 2514 407 2559 Navarra
419 2525 447 2556 en
462 2511 526 2568 1538,
537 2518 559 2555 et
574 2512 667 2556 environ
681 2525 706 2556 ce
716 2513 824 2570 temps-lt
837 2514 917 2572 Doyen
926 2513 954 2557 dc

260 2578 281 2620 la
292 2575 394 2632 Facultt,
405 2587 458 2618 sans
468 2575 515 2619 ἕπε
522 2574 630 2631 nocteur,
640 2574 747 2631 puisqn'il
754 2587 782 2618 ne
791 2574 811 2619 le
820 2575 853 2620 lut
860 2577 953 2633 qu'onzc

260 2651 302 2682 ans
314 2638 390 2695 apres,
401 2637 421 2680 si
437 2649 495 2680 nous
511 2649 538 2680 en
557 2649 654 2694 croyons
671 2635 767 2692 Launoi‚
779 2650 837 2694 page
858 2650 914 2681 1010
925 2638 952 2682 de

260 2713 302 2744 son
312 2699 424 2744 Histoire
442 2697 475 2742 du
488 2698 585 2756 Collige
593 2698 623 2741 de
639 2699 757 2744 Navarra.
776 2699 813 2743 Du
828 2705 894 2754 reste,
905 2699 950 2742 Ro·

259 2761 308 2804 bert
325 2760 440 2817 Estienne,
460 2773 517 2817 page
537 2760 566 2805 38
587 2758 614 2804 de
634 2773 659 2804 sa
678 2760 785 2804 Censura
807 2760 835 2804 de
855 2762 876 2804 la
895 2761 950 2806 Sor·

258 2823 341 2881 bonne,
350 2829 439 2878 compte
448 2829 483 2866 cet
492 2822 581 2867 homme
598 2821 670 2878 panni
682 2834 718 2865 ses
730 2822 781 2878 plus
790 2822 872 2880 grands
884 2836 950 2869 enne·

260 2895 313 2929 mss.

284 2945 314 3002 (3)
329 2943 431 2992 loachim
450 2945 546 3004 Paion,
564 2945 641 3008 Moine
657 2945 785 2991 Benedictio
801 2947 815 2992 l
831 2946 949 3005 somery,

256 3021 284 3052 en
297 3007 422 3053 Touraine.
434 3008 512 3066 Voyez
528 3009 561 3053 les
579 3010 666 3068 Eloges
678 3009 705 3054 de
721 3008 830 3067 Teissier,
846 3011 948 3057 demitte

257 3070 352 3126 edition,
363 3083 416 3128 pag.
430 3069 473 3114 383
484 3077 506 3115 et
518 3070 576 3116 suiv.

815 3167 827 3192 0
