2700 3800
494 516 530 553 os
551 499 718 555 Pnsssvnnr
917 499 948 555 31

257 623 357 680 sciunt
381 622 522 697 quomodo
540 623 640 696 fuerit
661 621 856 691 contristatus,
879 623 954 697 quod

262 703 350 759 toties
364 712 491 758 errasset
512 719 574 757 esse
594 701 822 772 Cancellarium,
843 712 872 757 et
884 720 955 778 quo-

261 783 349 840 modo
378 783 439 858 ipse
464 782 576 855 secerit
600 783 813 858 propositiones
844 783 956 842 erroris

261 873 365 921 contra
395 862 626 928 Parlamentum‚
650 880 708 938 pro
734 863 868 919 maximo
891 866 955 920 Do·

261 944 342 1001 mino
362 942 450 999 totins
471 943 566 1018 regni,
588 942 641 999 sub
660 943 714 999 hac
731 944 954 1018 expectatione:

262 1034 294 1081 et
313 1034 379 1079 tunc
397 1022 468 1099 quia
489 1023 567 1079 uidet
587 1040 618 1079 se
639 1040 694 1079 non
708 1023 839 1098 potuisse
850 1024 957 1099 jacere

262 1104 342 1180 quod
364 1102 484 1173 uolebat,
513 1103 581 1176 quia
605 1103 633 1158 in
659 1103 753 1160 Curia
775 1121 830 1159 non
857 1114 958 1159 amant

263 1183 396 1241 homines
414 1183 465 1258 qui
485 1182 589 1239 habent
612 1183 760 1259 ingenium
771 1184 890 1255 sactum
917 1183 956 1239 ad

263 1264 417 1321 sinistrum
432 1262 519 1334 latus,
531 1262 605 1319 sicut
616 1263 678 1338 ipse
690 1283 698 1317 .·
714 1272 743 1318 et
757 1262 878 1338 denique
892 1263 956 1338 qni-

264 1344 335 1400 dam
366 1344 508 1400 Vascones
534 1354 613 1410 sunt,
642 1343 692 1419 qui
713 1360 769 1418 per
796 1342 956 1400 breviorem

263 1424 345 1481 uiam
364 1422 585 1498 supplentarunt
601 1440 690 1478 unum
708 1421 891 1479 Alvernum:
912 1422 956 1478 id-

264 1504 345 1560 circo
357 1519 430 1558 nunc
440 1502 501 1578 ipse
511 1502 573 1559 uult
581 1502 701 1558 adulari
709 1502 808 1578 Papa,
821 1513 849 1558 et
858 1502 957 1559 uidere

264 1584 292 1641 si
309 1583 407 1658 magis
420 1584 540 1655 faceret
555 1583 583 1638 in
604 1582 805 1658 spiritualibus
825 1600 912 1658 quom
928 1584 956 1639 in

267 1662 487 1738 temporalibus.
504 1662 572 1731 Sed,
594 1674 625 1718 ut
643 1662 760 1719 simulet
778 1681 861 1720 sunm
879 1662 957 1721 desi·

267 1744 392 1814 derium,
415 1743 475 1819 ipse
489 1753 600 1799 tantum
611 1742 694 1816 sacit
709 1744 881 1799 mentionem
897 1745 956 1800 Ec·

266 1823 366 1881 clesiae
393 1823 607 1898 triumphantis,
639 1833 671 1878 ut
699 1823 828 1879 lucretur
856 1823 958 1879 bonam

267 1904 401 1982 gratiam
422 1904 563 1960 Ecclesia
581 1903 757 1960 militantis:
780 1905 855 1960 sicut
874 1903 959 1959 multi

267 1985 361 2042 etiam
372 2003 428 2060 per
441 1985 514 2040 itanc
526 1984 603 2040 uiam
609 1984 689 2059 sacti
699 1993 766 2040 sunt
779 2001 834 2039 non
847 1993 958 2039 tantum

271 2065 456 2134 Cardinales,
477 2063 529 2121 sed
546 2064 636 2120 etiam
655 2064 755 2139 Papa.
778 2062 959 2119 »Finaliter

270 2144 383 2200 dicebat
402 2144 456 2199 iste
476 2143 615 2213 ribaldus,
640 2144 714 2216 quod
733 2153 775 2198 est
794 2160 850 2199 una
865 2142 959 2198 mani·

265 2226 352 2301 festa
363 2219 481 2280 heresis
497 2223 524 2279 in
539 2234 636 2280 uestra
646 2224 831 2298 praefatione,
846 2222 959 2299 quando

269 2322 322 2361 uos
343 2303 438 2360 dicitis
459 2302 534 2378 qnod
558 2303 608 2378 qui
628 2303 762 2379 firmiter
786 2301 903 2378 confidit
931 2301 960 2358 in

270 2386 383 2454 Jesum,
401 2401 545 2459 nunquam
560 2383 779 2458 derelinquitur.
801 2384 883 2439 Nam
900 2378 961 2439 tota

271 2465 405 2523 Sorbona
419 2464 500 2520 docet
519 2481 580 2522 esse
598 2463 734 2522 heresim
745 2463 879 2542 firmiter
896 2480 960 2520 cre·

272 2651 301 2696 de
318 2650 341 2694 la
362 2648 566 2706 Grand'Chembre‚
587 2651 616 2693 οὺ
638 2649 757 2692 1υἰ-ιηὲιηο
775 2648 836 2694 avait
858 2648 961 2705 preside:

272 2715 328 2758 c'est
340 2724 364 2756 oe
373 2711 412 2768 qui
422 2711 453 2755 lui
465 2719 500 2756 est
510 2711 539 2756 ici
551 2711 658 2768 reproche
667 2723 753 2755 comme
760 2723 790 2754 un
798 2711 850 2755 effet
858 2711 886 2754 de
898 2711 961 2755 l'am·

273 2774 346 2819 bition
355 2773 408 2830 qu'il
424 2774 483 2818 avait
497 2786 537 2818 eue
549 2772 656 2818 autrefois
669 2774 696 2817 de
708 2771 812 2828 parvenit
823 2773 867 2818 lla
880 2772 963 2831 dignito

274 2836 303 2882 de
315 2835 455 2883 Chaucelier.

304 2908 332 2963 (2)
348 2908 384 2952 Ne
394 2907 504 2951 serait-ce
514 2906 576 2964 point
586 2906 614 2950 ici
626 2907 681 2950 lean
692 2904 807 2962 Bertrand,
815 2904 964 2962 Toulousain,

276 2982 408 3014 successeur
418 2969 445 3013 de
456 2969 519 3014 Lizet
526 2981 553 3013 en
562 2970 582 3013 la
591 2967 681 3025 Dignite
689 2966 717 3010 de
729 2967 829 3014 Psemier
841 2968 964 3023 piladem,

276 3039 299 3078 ct
308 3031 394 3080 bientlt
402 3031 469 3091 spru
481 3031 557 3079 Gurdo
566 3031 606 3078 des
616 3027 722 3077 secunx?
