2700 3800
579 558 616 597 ne
637 542 802 599 Passum
980 545 1027 601 161
1050 548 1053 557 '

347 664 439 720 omnia
450 681 520 739 quoe
543 673 573 719 tu
595 664 669 721 dicis
691 683 731 722 ex
744 666 872 742 antiquis
882 667 1029 742 patribus,

346 743 444 819 quibus
460 753 491 799 tu
516 742 584 799 bene
607 744 697 802 uelles
721 755 856 819 torquere
874 763 977 804 nasum
1005 746 1033 804 si

343 840 451 899 posses.
477 822 673 899 OMagister
694 826 783 881 Petre
807 826 926 896 Tloma,
952 826 980 882 si
1001 836 1032 882 tu

345 904 465 975 uiueres,
480 902 621 978 quomodo
636 913 666 959 tu
681 903 874 962 benediceres
890 906 969 981 quod·
979 906 1033 963 Li-

345 992 425 1056 petus
439 991 484 1038 est
496 981 590 1038 adhuc
600 982 720 1039 stultior
733 985 782 1039 tel
795 994 825 1040 et
837 985 949 1043 diceres
963 986 992 1041 ei
1005 997 1034 1044 et

345 1078 395 1119 suo
407 1061 552 1137 compatri
565 1061 625 1118 siue
634 1063 766 1137 compari
774 1081 831 1138 per
843 1082 954 1135 nasum,
970 1067 1033 1123 Do·

345 1142 422 1197 mino
435 1140 570 1216 generali
586 1142 833 1212 Mathurinorum‚
855 1146 937 1218 cujus
948 1162 1034 1203 nasus

345 1230 387 1279 est
400 1220 563 1295 allegorice
571 1220 646 1277 sicut
660 1221 751 1278 turris
762 1221 877 1278 Libani.

384 1299 515 1356 Tandem
527 1299 725 1358 descendimus
736 1301 776 1356 ad
791 1302 889 1375 Caput
898 1311 1033 1375 quartum

334 1380 490 1437 decimum
509 1378 599 1435 uestri
617 1379 695 1451 libri,
718 1380 767 1436 ubi
787 1381 885 1437 dicunt
902 1381 978 1455 quod
992 1390 1037 1437 est

346 1458 478 1516 cumulus
491 1468 596 1515 uestrae
611 1460 711 1535 satuae
722 1459 1033 1530 Mulo·Praesidentioe,

346 1538 422 1613 quod
431 1538 505 1613 sere
529 1547 619 1594 totum
642 1538 786 1614 ampliant
801 1557 858 1614 pro
880 1555 912 1596 se
937 1549 1038 1596 contra

323 1635 403 1708 ros,
425 1616 495 1691 quia
508 1618 581 1692 sere
592 1619 719 1693 juratus
737 1635 769 1675 es
789 1628 880 1674 totum
900 1617 936 1675 de
954 1618 1038 1676 libris

348 1714 458 1753 eorum.
481 1697 525 1753 Et
547 1696 622 1752 inter
642 1696 740 1753 omnia
763 1696 869 1760 dicunt,
893 1697 968 1771 quod
988 1715 1037 1753 no·

350 1775 414 1833 lunt
434 1776 493 1832 nisi
512 1776 708 1833 testimonium
723 1776 894 1851 Augustini,
909 1776 984 1851 quod
1008 1786 1038 1832 tu

348 1855 495 1933 adfers,
484 1872 512 1911 ιιι
533 1872 588 1932 quo
609 1854 682 1912 dicit
695 1872 835 1930 expresse
849 1854 926 1930 quod
938 1856 1037 1912 encel-

348 1935 446 1992 lentia·
455 1935 610 1992 Canonicae
617 1934 803 1991 authoritatis
816 1935 921 1991 ueteris
933 1945 962 1990 et
972 1936 1038 1992 noui

353 2014 533 2072 Testamenti
553 2015 665 2072 seruire
684 2013 767 2070 debet
786 2014 880 2072 omnis
889 2012 991 2090 fidelis
1009 2024 1038 2070 et

350 2165 414 2211 avoir
422 2163 514 2222 designe
526 2176 551 2208 ce
567 2163 648 2208 Maltre
664 2163 748 2220 Moine,
759 2177 802 2221 por
812 2163 931 2212 allusionsl
944 2176 987 2208 son
997 2175 1038 2208 nez

351 2227 512 2284 lpompettes,
528 2225 567 2283 qui
579 2238 664 2270 comme
676 2239 706 2271 un
717 2227 810 2283 syphon
826 2224 910 2271 attirait
920 2226 942 2270 le
949 2225 988 2270 vin
999 2227 1038 2270 des

352 2300 436 2333 verres.

377 2367 497 2425 Pompilio
514 2371 551 2412 est
563 2379 636 2412 nasus
649 2367 742 2412 cubitos
758 2372 807 2412 tres
825 2367 920 2425 longus,
930 2371 954 2411 et
966 2378 1040 2410 unum

402 2431 484 2484 latus,
495 2433 519 2473 et
528 2430 591 2473 lianc
600 2441 683 2473 murus
694 2429 773 2488 cingit
783 2428 898 2485 utrinque
908 2428 1013 2485 triplex:

378 2491 471 2536 Adsunt
479 2496 504 2535 et
515 2496 602 2541 turres,
613 2492 722 2536 Bacchus
735 2503 796 2548 quas
807 2490 938 2535 condidit'
928 2501 1010 2549 ipse,

403 2553 437 2598 Et
445 2553 520 2598 minio
530 2553 614 2597 tinctis
626 2565 702 2610 usque
711 2554 798 2597 rubere
807 2551 881 2596 dedit.

379 2615 443 2664 Huic
453 2615 526 2660 etiam
536 2627 594 2660 naso
605 2615 641 2660 uis
650 2614 798 2660 admiranda
812 2614 904 2658 tributa
912 2616 964 2657 est:
1035 2644 1037 2648 »

405 2677 465 2724 Nam
475 2676 562 2721 calices
575 2678 649 2722 siccos
662 2677 731 2722 illius
745 2674 917 2732 ambrasacit:

382 2739 427 2788 lmo
438 2738 512 2783 etiam
522 2738 592 2797 longe
601 2739 694 2783 distans
705 2739 727 2782 si
738 2737 843 2784 senserit
853 2747 961 2792 usquam,

410 2801 439 2846 Ut
448 2799 656 2858 magnesserrum,
666 2801 702 2845 sic
711 2801 790 2844 trahit
802 2799 848 2844 iste
861 2809 961 2845 merum

382 2863 463 2920 Nuper
475 2874 541 2906 eram
552 2863 577 2906 in
589 2874 676 2916 mensa,
691 2863 783 2916 sitiens,
793 2866 881 2918 potare
890 2865 1009 2917 paratus:

409 2924 541 2982 Pompilius
552 2925 646 2969 clausas
655 2924 736 2969 astitit
747 2923 894 2979 anteferes.-

386 2985 456 3045 turra
466 2985 600 3041 canam‚sed
609 2987 675 3036 uera)
686 2997 775 3029 merum
783 2984 842 3030 milti
847 2983 919 3040 sorte
925 2987 1039 3041 paratum

411 3047 521 3096 Attraxit
532 3059 590 3093 naso
598 3047 713 3105 protinus
725 3046 768 3091 ille
778 3058 828 3090 suo.

899 3146 934 3187 ¹4·
