2700 3800
509 392 543 428 os:
564 374 730 430 Passavass
928 376 962 449 57

264 500 345 555 ticus
374 498 516 555 remansit
535 508 611 555 totus
634 500 781 575 consutus,
808 499 883 556 ande
908 516 964 576 ego
1022 506 1027 517 '

263 578 395 636 surrexi
419 596 505 635 mane
532 587 609 635 totus
634 578 726 649 iaetus,
754 589 784 636 et
802 580 869 655 sect'
892 579 964 636 daos

266 658 389 715 bombos
410 658 439 713 in
454 659 527 732 jure
549 658 697 714 Canonico
724 669 754 713 ct
775 659 890 715 Inciriit‘
905 675 964 734 pro

266 739 337 796 istis
358 738 511 807 haereticis,
534 738 654 794 dicens:
676 739 822 797 Dominus
842 741 963 814 Nuper-

265 817 442 875 Praesidens
467 819 626 887 coronarit,
654 818 685 873 id
710 828 754 875 est
778 819 960 889 bombinarit,

266 899 348 954 inter
368 897 528 954 canendum
550 898 680 967 missam,
698 898 730 954 id
741 909 792 969 est,
808 909 852 954 est
863 900 963 955 doctor

267 979 300 1034 in
317 979 394 1035 Jure
416 977 572 1047 Canonico‚
597 987 625 1033 et
640 977 722 1033 dabit
737 988 831 1035 tantos
841 996 963 1036 canones

266 1068 373 1114 contra
388 1056 458 1114 istos
469 1056 631 1127 haereticos,
647 1056 724 1131 quod
738 1057 807 1113 bene
826 1057 964 1133 impediet

267 1154 319 1194 cos
355 1136 391 1192 de
424 1135 639 1211 approximare
668 1135 705 1192 de
735 1146 835 1194 sancto
861 1153 962 1194 sacra·

268 1225 380 1273 mento.

276 1296 350 1352 ‚Et
370 1312 426 1371 ego
455 1294 605 1370 cupiebam
633 1294 733 1351 ridere
759 1295 850 1353 semei
875 1296 961 1353 istum

266 1375 441 1433 haereticum
456 1374 625 1447 Calvinum,
636 1373 673 1430 de
688 1392 744 1450 quo
756 1375 853 1432 dicunt
863 1385 961 1432 tanta:

266 1455 347 1511 unde
369 1472 426 1529 ego
446 1454 591 1529 accipiens
613 1471 707 1511 meam
731 1454 905 1531 dispensam,
931 1466 963 1513 nt

268 1552 326 1611 ego
347 1551 462 1608 possem
485 1533 592 1590 audire
612 1535 765 1591 hereticos
780 1536 844 1592 sine
862 1536 960 1592 incur-

267 1614 359 1670 rendo
374 1613 636 1688 irregularitatem,
657 1614 723 1670 reni
745 1614 784 1671 ad
797 1614 960 1671 Ecclesiam

266 1693 372 1752 Sancti
391 1692 484 1750 Petri.
510 1694 560 1763 Et,
586 1711 603 1749 o
624 1693 743 1768 pietas!
768 1711 823 1750 non
848 1704 962 1770 oportet

217 1837 225 1842 ,
268 1774 349 1847 ioqui
367 1773 431 1829 iilic
447 1772 484 1828 de
503 1772 614 1829 sanctis
632 1791 723 1848 neque
741 1772 778 1829 de
796 1773 957 1844 sanciatus,

266 1854 337 1930 quia
351 1853 449 1911 omnia
461 1861 529 1910 sunt
543 1851 618 1909 sicut
639 1852 669 1909 in
683 1852 840 1930 primitiva
860 1853 960 1911 Eccle-

266 1935 322 1990 sia.
345 1935 404 1991 Est
425 1943 537 1988 tantum
559 1949 617 2005 una
639 1933 788 2004 cathedra,
810 1944 839 1990 et
861 1934 961 1990 muitae

266 2013 358 2082 sedes,
380 2022 409 2069 et
425 2028 545 2070 scamna
559 2011 650 2087 plena
670 2014 828 2071 hereticis.
849 2012 956 2070 Fidem

266 2109 376 2164 meam,
390 2091 504 2150 domine
517 2092 813 2167 Nuper-Prasidens,
827 2093 855 2150 si
867 2103 900 2149 tu
911 2093 958 2150 ri-

266 2172 353 2229 deres
365 2189 421 2243 eos,
440 2181 624 2245 increpares
639 2190 696 2248 per
715 2173 841 2228 medium
860 2190 870 2228 .·
891 2190 959 2228 nam

265 2261 334 2308 sunt
349 2252 430 2322 tanti,
448 2250 524 2326 quod
544 2260 575 2308 tu
594 2252 706 2308 diceres
722 2252 798 2328 quod
815 2270 958 2327 nunquam

265 2341 308 2388 est
320 2331 485 2389 combustus
499 2351 581 2391 unus.
595 2334 637 2389 Et
648 2349 706 2408 ego
721 2332 789 2388 dixi
798 2333 877 2388 intra
889 2349 936 2387 me
948 2352 956 2386 :

265 2412 311 2467 Ah
335 2421 438 2469 sancta
459 2415 561 2470 Mater
583 2422 692 2482 nostra,
722 2411 792 2487 quid
812 2421 843 2467 tu
858 2412 957 2485 facies

265 2501 365 2547 contra
392 2502 433 2549 tot
460 2493 592 2550 inimicos
620 2493 708 2548 tuos?
730 2492 778 2546 at
806 2491 958 2566 Magister

290 2719 320 2772 (1)
336 2714 437 2760 incivili
452 2727 483 2758 ou
492 2715 519 2758 in
537 2714 620 2770 Ciriii,
638 2725 665 2757 en
677 2712 737 2758 deux
749 2719 818 2769 moti,
830 2712 957 2758 commedit

262 2778 361 2823 I'tdition
371 2778 398 2821 de
410 2776 545 2822 Wiliorban.
560 2777 638 2834 Voyez
651 2776 670 2818 le
685 2786 789 2819 nouveau
801 2774 955 2832 Menagicna,

263 2841 336 2897 Paris,
352 2839 418 2896 1715,
429 2846 490 2883 tome
502 2838 520 2894 1,
533 2850 591 2895 page
613 2836 661 2893 180,
676 2844 699 2881 et
711 2838 743 2881 les
755 2835 823 2880 Me'm,
838 2836 869 2880 de
880 2837 954 2882 Litte-

262 2908 357 2957 rature‚
369 2908 430 2946 tome
443 2900 461 2955 Ι,
474 2912 530 2957 page
542 2899 593 2953 334.
