2700 3800
561 486 596 522 oe
617 469 783 524 Pnssnvnnr
967 489 1018 543 ¹97

330 609 392 665 cnm
420 608 530 667 magno
553 600 583 647 et
606 590 730 646 evidenti
753 592 892 665 periculo,
909 600 938 647 er
963 609 1019 667 ego

330 671 407 727 vobis
422 669 544 738 obedivi,
565 670 633 743 qnia
655 688 712 744 ego
739 671 841 726 veliem
862 671 951 728 etiam
965 688 1019 745 pro

330 750 406 807 vobis
413 750 521 823 jacere
536 759 797 821 tantum,qnantnrn
806 767 854 807 vos
861 768 917 824 pro
924 751 1017 824 Papa.

332 828 360 883 id
373 838 418 884 est
432 827 574 883 damnare
589 827 711 902 teipsum
717 846 773 900 pro
784 828 843 897 iilo,
849 847 905 903 pro
914 829 1020 884 habere

331 925 417 963 unum
420 907 543 982 pileum,
552 906 597 961 vei
604 907 642 962 ad
651 906 746 963 minus
754 907 948 982 episcopatum
954 924 1018 963 cum

330 996 425 1042 vestra
439 984 570 1043 abbatia.
597 985 703 1059 Itaque
717 985 812 1060 igitur
834 1004 869 1042 ne
894 986 1017 1043 recalci-

331 1064 414 1121 tretis
427 1063 574 1120 choleram
589 1073 716 1120 vestram
731 1081 819 1138 snper
829 1083 882 1134 me,
892 1065 1018 1121 Domine

330 1142 629 1216 Nuper-Praesidens‚
644 1141 696 1199 sed
702 1143 802 1217 ponite
814 1153 940 1199 vestrum
956 1144 1017 1200 bir-

330 1240 394 1277 rnm
410 1221 481 1277 bene
492 1222 644 1295 profunde,
661 1231 692 1276 et
706 1221 835 1295 inspicite
860 1223 928 1278 bene
947 1241 1017 1297 qno·

331 1299 414 1356 modo
438 1299 564 1374 faciatis
593 1300 712 1356 barbam
735 1300 798 1368 istis
812 1300 955 1357 haereticis
969 1310 1019 1355 :et

330 1396 384 1434 non
391 1378 534 1452 fastidite
556 1395 604 1437 vos
626 1378 723 1447 nimis,
740 1379 791 1434 sed
803 1396 917 1454 semper
931 1379 1018 1435 bibite

329 1457 364 1514 de
379 1456 506 1515 meliori.
521 1458 566 1513 Et
578 1457 647 1531 quia
662 1475 716 1512 non
729 1459 852 1532 potestis
867 1458 944 1532 ioqui
956 1458 1015 1514 La-

330 1536 432 1600 tinum,
443 1552 499 1611 ego
514 1536 592 1592 vobis
603 1536 721 1591 consido
731 1546 821 1593 utros
833 1537 931 1605 etiam,
941 1537 1019 1593 sicut

326 1614 391 1683 aiii,
416 1614 559 1669 mandetis
585 1631 716 1689 quaerere
738 1616 921 1688 Magistrum
949 1633 1015 1671 nos-

329 1703 408 1749 trum
417 1692 1016 1760 JoachimumeerioniunBenedicoeor-

330 1771 546 1839 maeriaeennm,
563 1773 612 1846 qui
633 1773 701 1828 bene
717 1771 823 1827 rivabir
841 1773 912 1847 ipsis
931 1790 1016 1829 suum

328 1851 455 1919 clavum,
485 1849 560 1908 sicut
578 1852 645 1926 jam
667 1850 747 1925 fecit
772 1851 1015 1908 Melancnthoni:

328 1929 461 2005 quamvis
476 1946 563 2002 quum
577 1926 623 1986 hic
644 1930 800 2005 loquuntur
813 1931 848 1986 de
860 1948 901 1997 eo,
919 1930 1017 1987 dicunt

328 2009 404 2083 qnod
429 2017 472 2063 est
493 2007 567 2064 sicut
589 2025 628 2064 ces
654 2025 766 2078 sonans,
783 2010 922 2083 quomodo
945 2008 1016 2064 dicii

322 2087 449 2155 «Paulus,
467 2096 495 2140 et
514 2086 589 2161 quod
616 2096 659 2144 est
684 2087 772 2143 etiam
797 2105 878 2161 aeqne
892 2105 1015 2164 magnus

328 2166 429 2237 asinus
444 2165 472 2219 in
490 2165 659 2240 Theologia,
671 2183 707 2220 oc
719 2174 748 2220 iu
763 2182 793 2221 es
807 2166 902 2221 mulus
916 2165 952 2221 de
966 2177 1014 2222 tna

326 2245 435 2320 patria.
452 2243 496 2299 Et
515 2261 571 2320 ego
594 2262 640 2300 me
662 2245 761 2299 dubito
780 2244 856 2318 qnod
870 2244 948 2300 brevi
962 2246 1013 2301 ho-

330 2324 405 2380 bebit
416 2321 586 2378 solutionem
605 2340 698 2390 snam,
714 2323 789 2379 sicut
804 2333 843 2378 tu.

363 2561 434 2634 Ego
448 2575 514 2613 cras
528 2575 575 2613 me
584 2575 691 2633 ponam
706 2558 745 2614 ad
762 2558 914 2632 reliquum.
939 2558 1014 2633 qnod

329 2655 384 2712 ego
411 2637 525 2693 mittam
540 2637 579 2692 ad
598 2646 625 2692 te
645 2654 731 2711 qnam
752 2637 846 2706 citius,
864 2639 931 2711 qnia
946 2639 1014 2709 bene

330 2735 375 2773 me
383 2715 519 2791 fastidio,
537 2714 612 2790 qnod
634 2733 690 2790 ego
705 2733 758 2772 non
780 2716 862 2790 video
885 2727 1011 2773 vestram

329 2793 672 2870 Nuper-Presidentiam
687 2815 695 2848 .·
711 2795 830 2866 quanvis
853 2793 902 2849 isti
920 2795 1012 2851 inere-

331 2874 380 2930 eiei
393 2880 459 2930 sunt
472 2873 543 2929 satis
556 2873 617 2928 laen'
630 2874 743 2946 quando
756 2874 860 2944 volunt,
870 2874 920 2928 sed
931 2890 1012 2948 opor·

332 2962 370 3008 tet
389 2969 503 3026 semper
526 2951 605 3026 loqui
624 2953 660 3008 de
683 2954 757 3020 Dee,
773 2962 801 3006 et
815 2969 868 3006 non
883 2962 949 3007 sunt
967 2952 1013 3008 hic

893 3077 924 3119 ¹7-
