2700 3800
478 539 516 577 no
536 521 704 579 Pnssnvmsc
727 504 732 512 ‚
903 542 936 597 19

247 645 323 702 sciat
342 642 507 721 intelligere
524 646 671 714 Latinum,
696 662 760 718 qua
775 656 870 701 tamen
892 645 936 701 di-

247 725 330 782 cebat
338 724 426 781 horas
439 742 506 780 suas
518 725 545 779 in
561 725 698 794 Hetraeo,
715 724 791 780 sicut
802 725 884 782 testis
894 736 938 781 est

246 804 406 861 Rosarium
421 804 492 876 ejus.
506 805 565 861 Sed
577 814 714 861 transeat.
729 805 812 862 Nam
825 814 937 862 nonest

242 885 330 959 pejus
343 882 420 958 quod
434 883 490 957 ipsi
497 884 624 958 faciant.

281 963 324 1018 Et
329 973 399 1038 post
412 963 570 1037 prandium
585 980 640 1041 ega
656 964 763 1022 intravi
777 966 805 1021 in
820 964 935 1021 cubicu-

247 1041 317 1111 lum,
332 1052 362 1096 et
368 1042 456 1117 posui
465 1060 606 1118 mesuper
617 1061 778 1103 scamnum.
791 1043 936 1100 Nam'isti

246 1121 379 1178 haretici
400 1122 504 1178 habent
524 1123 612 1179 etiam
627 1142 753 1191 scamna,
775 1134 808 1179 ut
827 1122 934 1179 intelli-

246 1201 336 1279 gatis,
358 1210 387 1256 et
399 1201 494 1257 uiuunt
512 1202 574 1258 laeti
587 1213 616 1258 et
632 1203 758 1259 irrident
771 1220 830 1272 noe,
848 1219 935 1276 neque

246 1291 313 1338 sunt
324 1290 433 1337 tantum
445 1280 645 1338 melancholici
653 1283 692 1338 ad
702 1281 854 1337 dimidiam
862 1299 935 1357 par-

247 1371 313 1430 tem,
331 1378 417 1436 quam
429 1361 576 1435 putabam.
594 1364 702 1419 Verum
716 1360 845 1437 estquod
857 1377 935 1418 sem·

242 1459 299 1518 per
314 1440 468 1516 loquuntur
482 1441 518 1497 de
535 1443 609 1511 Dea,
633 1442 686 1498 sed
703 1441 816 1518 quando
830 1440 936 1517 aliquis

239 1523 335 1597 jurat,
350 1532 401 1577 aut
410 1522 493 1598 ponit
504 1521 687 1598 propositum
701 1521 805 1598 gaudii
827 1522 855 1577 in
875 1539 935 1578 me-

246 1602 302 1673 dio,
329 1601 385 1676 ipsi
406 1602 593 1657 irasfluntur:
616 1601 668 1658 sed
691 1601 720 1657 in
744 1602 853 1677 reliquo
880 1601 937 1677 ipsi

247 1682 409 1757 loquuntur,
434 1682 585 1744 comedunt
608 1691 637 1736 et
664 1681 763 1736 bibunt
782 1682 858 1738 sicut
882 1684 934 1737 ho-

246 1762 348 1819 mines.
360 1762 454 1836 Super
465 1778 615 1818 scamnum
630 1778 725 1816 meum
738 1761 859 1836 positus,
880 1778 935 1837 ego

238 1841 305 1918 feci
317 1841 414 1898 uarios
424 1840 572 1897 discursus
587 1861 595 1896 .·
611 1850 640 1897 et
653 1840 777 1909 tandem,
794 1841 862 1914 quia
879 1856 935 1917 ego

241 1922 384 2000 putabam
405 1921 480 1998 quod
494 1921 593 1979 eadem
608 1922 681 1978 hora
693 1921 838 1998 faceretis
852 1920 935 1978 simi-

245 2127 339 2186 pritend
347 2139 390 2184 que
402 2126 467 2172 Remi
479 2125 567 2171 Belleau
578 2125 646 2171 valuit
657 2125 732 2171 moins
744 2138 787 2183 que
796 2126 888 2182 Jodelle,
896 2126 935 2183 qui

245 2195 360 2247 poariam,
373 2187 442 2245 dit-il,
453 2201 481 2232 ne
493 2188 569 2232 iaisait
581 2188 629 2233 rien
645 2188 684 2244 qui
696 2188 769 2232 vaille.
782 2190 818 2232 Ne
832 2187 936 2232 serait-ce

245 2264 287 2308 pas
297 2250 326 2294 ici
344 2264 375 2294 un
393 2252 421 2295 de
429 2263 466 2294 ces
483 2249 547 2295 traits
564 2252 594 2294 du
612 2251 681 2295 Paete
698 2250 761 2295 Remi
782 2250 878 2304 Belleau,
896 2249 936 2305 qui

245 2312 320 2357 aurait
335 2313 400 2368 deplu
411 2314 424 2356 i
436 2325 460 2356 ce
477 2313 552 2357 Prelat
570 2312 608 2370 qui
624 2311 772 2369 avaitAquitte
791 2312 813 2356 la
833 2309 935 2368 Religion

246 2373 406 2433 Protestante?

273 2437 305 2480 Le
315 2436 481 2482 commentaire
490 2438 521 2482 du
532 2437 615 2482 lesuite
627 2436 744 2482 Maidonat
751 2451 791 2482 sur
800 2450 837 2482 ces
847 2436 935 2492 paroles

244 2499 276 2542 du
287 2498 398 2555 Sauveur,
411 2500 480 2544 Math.
499 2512 520 2556 7.
534 2511 570 2544 21.
587 2501 638 2545 Non
651 2500 732 2544 omnis
741 2501 785 2556 qui
794 2499 854 2543 dicit
866 2497 934 2552 milti,

245 2573 273 2606 ne
283 2560 345 2603 vient
354 2574 395 2617 pas
405 2563 480 2605 touta
498 2562 559 2611 initi
577 2568 641 2605 notre
660 2561 726 2617 suiet,
741 2561 799 2606 mais
817 2563 838 2606 la
851 2560 933 2605 decon-

245 2628 305 2666 verte
317 2622 345 2665 de
357 2635 382 2666 ee
392 2622 477 2667 Jisuite
495 2630 530 2667 est
545 2622 564 2666 si
584 2622 712 2680 singuliere,
727 2624 793 2679 qu'on
808 2635 857 2666 sera
869 2628 934 2678 peut·

245 2684 292 2728 etse
305 2684 356 2728 bien
368 2684 415 2728 aise
425 2684 452 2728 de
465 2686 486 2728 la
498 2692 590 2728 trouver
599 2684 653 2730 ici...
667 2686 729 2738 lam,
740 2685 834 2741 dit-ii...
847 2684 935 2729 docui-

245 2757 297 2791 mus
306 2746 349 2803 agi
361 2747 400 2790 iiic
411 2745 522 2802 desaisis
535 2746 671 2800 Prophetis,
682 2747 726 2802 qui
737 2758 817 2791 ueram
826 2758 874 2790 non
887 2748 933 2790 na-

245 2807 308 2863 bent,
318 2807 361 2852 sed
373 2809 459 2852 habere
472 2819 496 2852 se
507 2806 718 2863 simulantfidem.
731 2808 763 2852 Et
774 2809 870 2865 quidem
882 2821 935 2852 cum

245 2869 296 2919 ltaec
307 2870 443 2923 scriberem,
455 2868 551 2926 quidam
561 2867 594 2912 ad
610 2881 645 2913 me
662 2882 692 2914 ex
703 2870 843 2926 calvinistis
850 2870 934 2927 salsus

245 2933 370 2990 Propheta
380 2932 452 2986 venit,
462 2931 505 2988 qui
519 2943 640 2987 nunquam
654 2933 730 2978 aliter
749 2933 870 2978 Christum
885 2933 933 2977 Do·
980 2938 986 2949 “

245 2994 333 3040 minum
344 3001 447 3040 nostrum
456 2994 601 3051 appellabat,
608 2994 721 3053 fecitque
739 2999 766 3040 ui
775 2997 860 3040 melius
871 2996 934 3040 hunc

245 3056 324 3107 locum
336 3056 502 3115 intelligerem.
