<?xml version="1.0" encoding="UTF-8"?>
<!DOCTYPE html PUBLIC "-//W3C//DTD XHTML 1.0 Transitional//EN"
    "http://www.w3.org/TR/xhtml1/DTD/xhtml1-transitional.dtd">
<html xmlns="http://www.w3.org/1999/xhtml" xml:lang="en" lang="en">
 <head>
  <title>
</title>
<meta http-equiv="Content-Type" content="text/html;charset=utf-8" />
  <meta name='ocr-system' content='tesseract 3.04.00' />
  <meta name='ocr-capabilities' content='ocr_page ocr_carea ocr_par ocr_line ocrx_word'/>
</head>
<body>
  <div class='ocr_page' id='page_1' title='image "./lepassavantdeth00goog_0070.png"; bbox 0 0 2700 3800; ppageno 0'>
   <div class='ocr_carea' id='block_1_1' title="bbox 580 494 1088 551">
    <p class='ocr_par' dir='ltr' id='par_1_1' title="bbox 580 494 1088 551">
     <span class='ocr_line' id='line_1_1' title="bbox 580 494 1088 551; baseline 0.004 -2"><span class='ocrx_word' id='word_1_1' title='bbox 580 510 615 549; x_wconf 76' lang='lat' dir='ltr'><em>os</em></span> <span class='ocrx_word' id='word_1_2' title='bbox 635 494 801 550; x_wconf 75' lang='lat' dir='ltr'><em>Pussnvuus</em></span> <span class='ocrx_word' id='word_1_3' title='bbox 996 494 1029 551; x_wconf 78' lang='lat'><em>53</em></span> <span class='ocrx_word' id='word_1_4' title='bbox 1084 515 1088 521; x_wconf 94' lang='lat'><em>·</em></span> 
     </span>
    </p>
   </div>
   <div class='ocr_carea' id='block_1_2' title="bbox 329 616 1032 2687">
    <p class='ocr_par' dir='ltr' id='par_1_2' title="bbox 334 616 1032 2129">
     <span class='ocr_line' id='line_1_2' title="bbox 338 616 1032 695; baseline 0 -20"><span class='ocrx_word' id='word_1_5' title='bbox 338 619 507 675; x_wconf 76' lang='lat' dir='ltr'><em>inveniatur</em></span> <span class='ocrx_word' id='word_1_6' title='bbox 518 616 654 675; x_wconf 85' lang='lat' dir='ltr'><em>babuisse</em></span> <span class='ocrx_word' id='word_1_7' title='bbox 667 617 802 676; x_wconf 85' lang='lat' dir='ltr'><em>Concilio</em></span> <span class='ocrx_word' id='word_1_8' title='bbox 814 638 822 673; x_wconf 93' lang='grc'><em>.·</em></span> <span class='ocrx_word' id='word_1_9' title='bbox 836 627 867 674; x_wconf 87' lang='lat' dir='ltr'><em>et</em></span> <span class='ocrx_word' id='word_1_10' title='bbox 874 628 1032 695; x_wconf 78' lang='lat' dir='ltr'><em>propterea</em></span> 
     </span>
     <span class='ocr_line' id='line_1_3' title="bbox 337 697 1031 774; baseline -0.001 -18"><span class='ocrx_word' id='word_1_11' title='bbox 337 699 431 756; x_wconf 90' lang='lat' dir='ltr'><em>etiam</em></span> <span class='ocrx_word' id='word_1_12' title='bbox 453 697 578 755; x_wconf 83' lang='lat' dir='ltr'><strong><em>dicimus</em></strong></span> <span class='ocrx_word' id='word_1_13' title='bbox 600 698 675 773; x_wconf 85' lang='lat' dir='ltr'><em>quod</em></span> <span class='ocrx_word' id='word_1_14' title='bbox 695 698 797 774; x_wconf 89' lang='lat' dir='ltr'><em>parati</em></span> <span class='ocrx_word' id='word_1_15' title='bbox 817 713 919 755; x_wconf 87' lang='lat' dir='ltr'><em>sumus</em></span> <span class='ocrx_word' id='word_1_16' title='bbox 938 708 1031 755; x_wconf 90' lang='lat' dir='ltr'><em>osten·</em></span> 
     </span>
     <span class='ocr_line' id='line_1_4' title="bbox 338 777 1028 853; baseline -0.001 -20"><span class='ocrx_word' id='word_1_17' title='bbox 338 779 417 848; x_wconf 89' lang='lat' dir='ltr'><em>dere,</em></span> <span class='ocrx_word' id='word_1_18' title='bbox 436 778 512 853; x_wconf 84' lang='lat' dir='ltr'><em>quod</em></span> <span class='ocrx_word' id='word_1_19' title='bbox 527 777 592 845; x_wconf 88' lang='lat' dir='ltr'><em>ista,</em></span> <span class='ocrx_word' id='word_1_20' title='bbox 606 795 671 852; x_wconf 78' lang='lat' dir='ltr'><em>qua</em></span> <span class='ocrx_word' id='word_1_21' title='bbox 687 787 781 833; x_wconf 89' lang='lat' dir='ltr'><em>tenent</em></span> <span class='ocrx_word' id='word_1_22' title='bbox 792 777 923 852; x_wconf 83' lang='lat' dir='ltr'><em>Papistae</em></span> <span class='ocrx_word' id='word_1_23' title='bbox 936 777 1028 847; x_wconf 87' lang='lat' dir='ltr'><em>hodie,</em></span> 
     </span>
     <span class='ocr_line' id='line_1_5' title="bbox 337 856 1031 933; baseline -0.004 -18"><span class='ocrx_word' id='word_1_24' title='bbox 337 868 407 915; x_wconf 88' lang='lat' dir='ltr'><em>sunt</em></span> <span class='ocrx_word' id='word_1_25' title='bbox 424 856 615 913; x_wconf 89' lang='lat' dir='ltr'><em>condemnata</em></span> <span class='ocrx_word' id='word_1_26' title='bbox 638 856 726 912; x_wconf 90' lang='lat' dir='ltr'><em>etiam</em></span> <span class='ocrx_word' id='word_1_27' title='bbox 742 874 799 933; x_wconf 93' lang='lat' dir='ltr'><em>per</em></span> <span class='ocrx_word' id='word_1_28' title='bbox 818 856 1031 915; x_wconf 68' lang='lat' dir='ltr'><em>vernaciu-</em></span> 
     </span>
     <span class='ocr_line' id='line_1_6' title="bbox 337 934 1031 1013; baseline -0.001 -20"><span class='ocrx_word' id='word_1_29' title='bbox 337 938 417 1006; x_wconf 88' lang='lat' dir='ltr'><em>cilia,</em></span> <span class='ocrx_word' id='word_1_30' title='bbox 443 946 473 992; x_wconf 91' lang='lat' dir='ltr'><em>et</em></span> <span class='ocrx_word' id='word_1_31' title='bbox 489 953 546 1012; x_wconf 92' lang='lat' dir='ltr'><em>per</em></span> <span class='ocrx_word' id='word_1_32' title='bbox 564 953 630 993; x_wconf 89' lang='lat' dir='ltr'><em>suos</em></span> <span class='ocrx_word' id='word_1_33' title='bbox 647 953 778 1008; x_wconf 90' lang='lat' dir='ltr'><em>canones,</em></span> <span class='ocrx_word' id='word_1_34' title='bbox 801 936 843 992; x_wconf 89' lang='lat' dir='ltr'><em>ita</em></span> <span class='ocrx_word' id='word_1_35' title='bbox 862 934 1031 1013; x_wconf 72' lang='lat' dir='ltr'><em>ut&#39;ipsimet</em></span> 
     </span>
     <span class='ocr_line' id='line_1_7' title="bbox 336 1016 1029 1093; baseline -0.001 -20"><span class='ocrx_word' id='word_1_36' title='bbox 336 1018 398 1073; x_wconf 90' lang='lat' dir='ltr'><em>sint</em></span> <span class='ocrx_word' id='word_1_37' title='bbox 416 1016 464 1073; x_wconf 89' lang='lat' dir='ltr'><em>sui</em></span> <span class='ocrx_word' id='word_1_38' title='bbox 481 1016 687 1073; x_wconf 80' lang='lat' dir='ltr'><em>destructores.</em></span> <span class='ocrx_word' id='word_1_39' title='bbox 708 1017 812 1091; x_wconf 78' lang='lat' dir='ltr'><em>Itaque</em></span> <span class='ocrx_word' id='word_1_40' title='bbox 830 1034 886 1093; x_wconf 81' lang='lat' dir='ltr'><em>ego</em></span> <span class='ocrx_word' id='word_1_41' title='bbox 897 1017 1029 1074; x_wconf 85' lang='lat' dir='ltr'><em>consule-</em></span> 
     </span>
     <span class='ocr_line' id='line_1_8' title="bbox 338 1095 1029 1171; baseline 0 -18"><span class='ocrx_word' id='word_1_42' title='bbox 338 1115 402 1153; x_wconf 87' lang='lat' dir='ltr'><em>rem</em></span> <span class='ocrx_word' id='word_1_43' title='bbox 426 1095 543 1152; x_wconf 90' lang='lat' dir='ltr'><em>domino</em></span> <span class='ocrx_word' id='word_1_44' title='bbox 567 1096 889 1171; x_wconf 83' lang='lat' dir='ltr'><em>Nuper-Prasidenti,</em></span> <span class='ocrx_word' id='word_1_45' title='bbox 914 1106 947 1151; x_wconf 90' lang='lat' dir='ltr'><em>ut</em></span> <span class='ocrx_word' id='word_1_46' title='bbox 974 1114 1029 1153; x_wconf 91' lang='lat' dir='ltr'><em>non</em></span> 
     </span>
     <span class='ocr_line' id='line_1_9' title="bbox 338 1175 1029 1251; baseline -0.001 -18"><span class='ocrx_word' id='word_1_47' title='bbox 338 1178 465 1233; x_wconf 79' lang='lat' dir='ltr'><em>intraret</em></span> <span class='ocrx_word' id='word_1_48' title='bbox 488 1175 517 1231; x_wconf 91' lang='lat' dir='ltr'><em>in</em></span> <span class='ocrx_word' id='word_1_49' title='bbox 539 1176 705 1233; x_wconf 78' lang='lat' dir='ltr'><em>materiam</em></span> <span class='ocrx_word' id='word_1_50' title='bbox 716 1185 776 1232; x_wconf 90' lang='lat' dir='ltr'><em>tam</em></span> <span class='ocrx_word' id='word_1_51' title='bbox 793 1176 951 1251; x_wconf 80' lang='lat' dir='ltr'><em>profunde,</em></span> <span class='ocrx_word' id='word_1_52' title='bbox 977 1177 1029 1234; x_wconf 89' lang='lat' dir='ltr'><em>sed</em></span> 
     </span>
     <span class='ocr_line' id='line_1_10' title="bbox 338 1254 1029 1331; baseline -0.001 -18"><span class='ocrx_word' id='word_1_53' title='bbox 338 1263 488 1313; x_wconf 88' lang='lat' dir='ltr'><em>contentus</em></span> <span class='ocrx_word' id='word_1_54' title='bbox 505 1265 581 1313; x_wconf 89' lang='lat' dir='ltr'><em>esset</em></span> <span class='ocrx_word' id='word_1_55' title='bbox 596 1255 746 1331; x_wconf 87' lang='lat' dir='ltr'><em>disputare</em></span> <span class='ocrx_word' id='word_1_56' title='bbox 761 1255 837 1313; x_wconf 89' lang='lat' dir='ltr'><em>sicut</em></span> <span class='ocrx_word' id='word_1_57' title='bbox 854 1254 965 1312; x_wconf 83' lang='lat' dir='ltr'><em>solebat</em></span> <span class='ocrx_word' id='word_1_58' title='bbox 978 1273 1029 1321; x_wconf 85' lang='lat' dir='ltr'><em>an-</em></span> 
     </span>
     <span class='ocr_line' id='line_1_11' title="bbox 339 1321 1028 1406; baseline 0.001 -15"><span class='ocrx_word' id='word_1_59' title='bbox 339 1346 402 1406; x_wconf 90' lang='lat' dir='ltr'><em>tea,</em></span> <span class='ocrx_word' id='word_1_60' title='bbox 432 1344 462 1391; x_wconf 89' lang='lat' dir='ltr'><em>et</em></span> <span class='ocrx_word' id='word_1_61' title='bbox 490 1335 566 1393; x_wconf 86' lang='lat' dir='ltr'><em>sieut</em></span> <span class='ocrx_word' id='word_1_62' title='bbox 593 1335 668 1392; x_wconf 85' lang='lat' dir='ltr'><em>solet</em></span> <span class='ocrx_word' id='word_1_63' title='bbox 698 1334 783 1392; x_wconf 82' lang='lat' dir='ltr'><em>bodie</em></span> <span class='ocrx_word' id='word_1_64' title='bbox 816 1321 1028 1392; x_wconf 77' lang='lat' dir='ltr'><em>resolutissima</em></span> 
     </span>
     <span class='ocr_line' id='line_1_12' title="bbox 337 1414 1027 1491; baseline 0 -18"><span class='ocrx_word' id='word_1_65' title='bbox 337 1414 480 1486; x_wconf 87' lang='lat' dir='ltr'><em>Sorbona,</em></span> <span class='ocrx_word' id='word_1_66' title='bbox 506 1431 561 1489; x_wconf 88' lang='lat' dir='ltr'><em>per</em></span> <span class='ocrx_word' id='word_1_67' title='bbox 587 1415 672 1491; x_wconf 85' lang='lat' dir='ltr'><em>ignes</em></span> <span class='ocrx_word' id='word_1_68' title='bbox 692 1424 723 1471; x_wconf 89' lang='lat' dir='ltr'><em>et</em></span> <span class='ocrx_word' id='word_1_69' title='bbox 735 1414 930 1490; x_wconf 86' lang='lat' dir='ltr'><em>fasciculos:</em></span> <span class='ocrx_word' id='word_1_70' title='bbox 958 1414 1027 1491; x_wconf 83' lang='lat' dir='ltr'><em>quia</em></span> 
     </span>
     <span class='ocr_line' id='line_1_13' title="bbox 338 1493 1026 1569; baseline 0.001 -19"><span class='ocrx_word' id='word_1_71' title='bbox 338 1494 453 1569; x_wconf 84' lang='lat' dir='ltr'><em>quando</em></span> <span class='ocrx_word' id='word_1_72' title='bbox 461 1493 576 1551; x_wconf 80' lang='lat' dir='ltr'><em>venitur</em></span> <span class='ocrx_word' id='word_1_73' title='bbox 589 1493 629 1550; x_wconf 85' lang='lat' dir='ltr'><em>ad</em></span> <span class='ocrx_word' id='word_1_74' title='bbox 637 1493 830 1563; x_wconf 87' lang='lat' dir='ltr'><em>scribendum,</em></span> <span class='ocrx_word' id='word_1_75' title='bbox 848 1503 890 1550; x_wconf 87' lang='lat' dir='ltr'><em>est</em></span> <span class='ocrx_word' id='word_1_76' title='bbox 904 1493 1026 1551; x_wconf 89' lang='lat' dir='ltr'><em>nimium</em></span> 
     </span>
     <span class='ocr_line' id='line_1_14' title="bbox 338 1574 1027 1649; baseline 0.001 -20"><span class='ocrx_word' id='word_1_77' title='bbox 338 1590 483 1649; x_wconf 81' lang='lat' dir='ltr'><em>magnum</em></span> <span class='ocrx_word' id='word_1_78' title='bbox 514 1574 698 1649; x_wconf 88' lang='lat' dir='ltr'><em>periculum,</em></span> <span class='ocrx_word' id='word_1_79' title='bbox 734 1591 770 1629; x_wconf 93' lang='lat' dir='ltr'><em>ne</em></span> <span class='ocrx_word' id='word_1_80' title='bbox 800 1584 901 1630; x_wconf 86' lang='lat' dir='ltr'><em>sancta</em></span> <span class='ocrx_word' id='word_1_81' title='bbox 932 1584 1027 1631; x_wconf 92' lang='lat' dir='ltr'><em>mater</em></span> 
     </span>
     <span class='ocr_line' id='line_1_15' title="bbox 338 1652 1027 1714; baseline 0.001 -6"><span class='ocrx_word' id='word_1_82' title='bbox 338 1662 439 1708; x_wconf 89' lang='lat' dir='ltr'><em>nostra</em></span> <span class='ocrx_word' id='word_1_83' title='bbox 453 1653 590 1711; x_wconf 84' lang='lat' dir='ltr'><em>Ecclesia</em></span> <span class='ocrx_word' id='word_1_84' title='bbox 601 1655 737 1710; x_wconf 88' lang='lat' dir='ltr'><em>Romana</em></span> <span class='ocrx_word' id='word_1_85' title='bbox 748 1652 789 1711; x_wconf 90' lang='lat' dir='ltr'><em>sit</em></span> <span class='ocrx_word' id='word_1_86' title='bbox 801 1652 841 1709; x_wconf 88' lang='lat' dir='ltr'><em>ad</em></span> <span class='ocrx_word' id='word_1_87' title='bbox 852 1663 962 1714; x_wconf 87' lang='lat' dir='ltr'><em>melam</em></span> <span class='ocrx_word' id='word_1_88' title='bbox 972 1672 1027 1710; x_wconf 91' lang='lat' dir='ltr'><em>non</em></span> 
     </span>
     <span class='ocr_line' id='line_1_16' title="bbox 339 1732 1026 1808; baseline 0 -20"><span class='ocrx_word' id='word_1_89' title='bbox 339 1732 417 1805; x_wconf 84' lang='lat' dir='ltr'><em>loqui</em></span> <span class='ocrx_word' id='word_1_90' title='bbox 438 1752 447 1786; x_wconf 89' lang='lat'><em>:</em></span> <span class='ocrx_word' id='word_1_91' title='bbox 469 1742 498 1788; x_wconf 91' lang='lat' dir='ltr'><em>et</em></span> <span class='ocrx_word' id='word_1_92' title='bbox 514 1733 644 1808; x_wconf 81' lang='lat' dir='ltr'><em>quamvis</em></span> <span class='ocrx_word' id='word_1_93' title='bbox 667 1732 824 1789; x_wconf 79' lang='lat' dir='ltr'><em>Dialectici</em></span> <span class='ocrx_word' id='word_1_94' title='bbox 845 1749 899 1803; x_wconf 87' lang='lat' dir='ltr'><em>non</em></span> <span class='ocrx_word' id='word_1_95' title='bbox 916 1744 1026 1808; x_wconf 90' lang='lat' dir='ltr'><em>ponant</em></span> 
     </span>
     <span class='ocr_line' id='line_1_17' title="bbox 337 1811 1023 1888; baseline 0.001 -21"><span class='ocrx_word' id='word_1_96' title='bbox 337 1811 412 1867; x_wconf 87' lang='lat' dir='ltr'><em>hunc</em></span> <span class='ocrx_word' id='word_1_97' title='bbox 437 1811 530 1868; x_wconf 89' lang='lat' dir='ltr'><em>locum</em></span> <span class='ocrx_word' id='word_1_98' title='bbox 554 1812 583 1868; x_wconf 94' lang='lat' dir='ltr'><em>in</em></span> <span class='ocrx_word' id='word_1_99' title='bbox 610 1812 671 1869; x_wconf 90' lang='lat' dir='ltr'><em>suis</em></span> <span class='ocrx_word' id='word_1_100' title='bbox 699 1812 899 1888; x_wconf 86' lang='lat' dir='ltr'><em>Topicalibus,</em></span> <span class='ocrx_word' id='word_1_101' title='bbox 929 1822 1023 1869; x_wconf 90' lang='lat' dir='ltr'><em>tamen</em></span> 
     </span>
     <span class='ocr_line' id='line_1_18' title="bbox 334 1890 1025 1968; baseline 0.004 -21"><span class='ocrx_word' id='word_1_102' title='bbox 334 1891 469 1967; x_wconf 88' lang='lat' dir='ltr'><em>practica</em></span> <span class='ocrx_word' id='word_1_103' title='bbox 505 1892 641 1964; x_wconf 85' lang='lat' dir='ltr'><em>ostendit,</em></span> <span class='ocrx_word' id='word_1_104' title='bbox 682 1891 758 1968; x_wconf 85' lang='lat' dir='ltr'><em>quod</em></span> <span class='ocrx_word' id='word_1_105' title='bbox 788 1890 932 1949; x_wconf 84' lang='lat' dir='ltr'><em>concludit</em></span> <span class='ocrx_word' id='word_1_106' title='bbox 961 1892 1025 1950; x_wconf 92' lang='lat' dir='ltr'><em>sine</em></span> 
     </span>
     <span class='ocr_line' id='line_1_19' title="bbox 335 1971 1027 2049; baseline 0.001 -22"><span class='ocrx_word' id='word_1_107' title='bbox 335 1972 458 2047; x_wconf 88' lang='lat' dir='ltr'><em>replica.</em></span> <span class='ocrx_word' id='word_1_108' title='bbox 473 1971 561 2029; x_wconf 85' lang='lat' dir='ltr'><em>Patet</em></span> <span class='ocrx_word' id='word_1_109' title='bbox 577 1989 632 2049; x_wconf 90' lang='lat' dir='ltr'><em>per</em></span> <span class='ocrx_word' id='word_1_110' title='bbox 652 1972 876 2048; x_wconf 84' lang='lat' dir='ltr'><em>experientiam,</em></span> <span class='ocrx_word' id='word_1_111' title='bbox 901 1989 966 2048; x_wconf 80' lang='lat' dir='ltr'><em>qua</em></span> <span class='ocrx_word' id='word_1_112' title='bbox 984 1982 1027 2030; x_wconf 88' lang='lat' dir='ltr'><em>est</em></span> 
     </span>
     <span class='ocr_line' id='line_1_20' title="bbox 335 2052 649 2129; baseline -0.01 -21"><span class='ocrx_word' id='word_1_113' title='bbox 335 2052 447 2127; x_wconf 89' lang='lat' dir='ltr'><em>optima</em></span> <span class='ocrx_word' id='word_1_114' title='bbox 461 2052 617 2129; x_wconf 84' lang='lat' dir='ltr'><em>magistra.</em></span> <span class='ocrx_word' id='word_1_115' title='bbox 634 2073 649 2106; x_wconf 80' lang='lat' dir='ltr'><em>n</em></span> 
     </span>
    </p>

    <p class='ocr_par' dir='ltr' id='par_1_3' title="bbox 329 2131 1024 2687">
     <span class='ocr_line' id='line_1_21' title="bbox 370 2131 1023 2207; baseline 0.005 -20"><span class='ocrx_word' id='word_1_116' title='bbox 370 2133 414 2188; x_wconf 89' lang='lat' dir='ltr'><em>Et</em></span> <span class='ocrx_word' id='word_1_117' title='bbox 431 2149 519 2207; x_wconf 85' lang='lat' dir='ltr'><em>quum</em></span> <span class='ocrx_word' id='word_1_118' title='bbox 532 2133 586 2188; x_wconf 90' lang='lat' dir='ltr'><em>iste</em></span> <span class='ocrx_word' id='word_1_119' title='bbox 596 2131 768 2189; x_wconf 88' lang='lat' dir='ltr'><em>maledictus</em></span> <span class='ocrx_word' id='word_1_120' title='bbox 782 2133 867 2190; x_wconf 85' lang='lat' dir='ltr'><em>homo</em></span> <span class='ocrx_word' id='word_1_121' title='bbox 881 2133 934 2190; x_wconf 87' lang='lat' dir='ltr'><em>hoc</em></span> <span class='ocrx_word' id='word_1_122' title='bbox 945 2133 1023 2190; x_wconf 93' lang='lat' dir='ltr'><em>dice·</em></span> 
     </span>
     <span class='ocr_line' id='line_1_22' title="bbox 334 2211 1024 2286; baseline 0.006 -20"><span class='ocrx_word' id='word_1_123' title='bbox 334 2220 388 2280; x_wconf 91' lang='lat' dir='ltr'><em>ret,</em></span> <span class='ocrx_word' id='word_1_124' title='bbox 406 2228 472 2286; x_wconf 78' lang='lat' dir='ltr'><em>ego,</em></span> <span class='ocrx_word' id='word_1_125' title='bbox 487 2221 519 2267; x_wconf 90' lang='lat' dir='ltr'><em>ut</em></span> <span class='ocrx_word' id='word_1_126' title='bbox 534 2211 630 2267; x_wconf 87' lang='lat' dir='ltr'><em>dicam</em></span> <span class='ocrx_word' id='word_1_127' title='bbox 646 2211 700 2268; x_wconf 90' lang='lat' dir='ltr'><em>tibi</em></span> <span class='ocrx_word' id='word_1_128' title='bbox 719 2230 828 2282; x_wconf 81' lang='lat' dir='ltr'><em>rernm,</em></span> <span class='ocrx_word' id='word_1_129' title='bbox 850 2212 979 2270; x_wconf 87' lang='lat' dir='ltr'><em>dicebam</em></span> <span class='ocrx_word' id='word_1_130' title='bbox 995 2213 1024 2270; x_wconf 93' lang='lat' dir='ltr'><em>in</em></span> 
     </span>
     <span class='ocr_line' id='line_1_23' title="bbox 332 2289 1021 2368; baseline 0.006 -22"><span class='ocrx_word' id='word_1_131' title='bbox 332 2289 422 2346; x_wconf 91' lang='lat' dir='ltr'><em>corde</em></span> <span class='ocrx_word' id='word_1_132' title='bbox 436 2309 518 2347; x_wconf 83' lang='lat' dir='ltr'><em>meo:</em></span> <span class='ocrx_word' id='word_1_133' title='bbox 538 2293 584 2349; x_wconf 87' lang='lat' dir='ltr'><em>Tu</em></span> <span class='ocrx_word' id='word_1_134' title='bbox 600 2290 669 2348; x_wconf 91' lang='lat' dir='ltr'><em>bene</em></span> <span class='ocrx_word' id='word_1_135' title='bbox 681 2292 806 2368; x_wconf 85' lang='lat' dir='ltr'><em>loqueris</em></span> <span class='ocrx_word' id='word_1_136' title='bbox 820 2293 859 2348; x_wconf 90' lang='lat' dir='ltr'><em>ad</em></span> <span class='ocrx_word' id='word_1_137' title='bbox 867 2292 1021 2368; x_wconf 89' lang='lat' dir='ltr'><em>placitum,</em></span> 
     </span>
     <span class='ocr_line' id='line_1_24' title="bbox 330 2369 1022 2448; baseline 0.004 -22"><span class='ocrx_word' id='word_1_138' title='bbox 330 2369 383 2426; x_wconf 90' lang='lat' dir='ltr'><em>sed</em></span> <span class='ocrx_word' id='word_1_139' title='bbox 393 2387 462 2427; x_wconf 80' lang='lat' dir='ltr'><em>vere</em></span> <span class='ocrx_word' id='word_1_140' title='bbox 473 2370 500 2426; x_wconf 88' lang='lat' dir='ltr'><em>si</em></span> <span class='ocrx_word' id='word_1_141' title='bbox 520 2380 551 2427; x_wconf 89' lang='lat' dir='ltr'><em>tu</em></span> <span class='ocrx_word' id='word_1_142' title='bbox 570 2387 647 2427; x_wconf 89' lang='lat' dir='ltr'><em>esses</em></span> <span class='ocrx_word' id='word_1_143' title='bbox 659 2371 709 2428; x_wconf 92' lang='lat' dir='ltr'><em>ubi</em></span> <span class='ocrx_word' id='word_1_144' title='bbox 728 2389 784 2448; x_wconf 82' lang='lat' dir='ltr'><em>ego</em></span> <span class='ocrx_word' id='word_1_145' title='bbox 803 2372 872 2444; x_wconf 87' lang='lat' dir='ltr'><em>scio,</em></span> <span class='ocrx_word' id='word_1_146' title='bbox 891 2372 958 2428; x_wconf 88' lang='lat' dir='ltr'><em>bene</em></span> <span class='ocrx_word' id='word_1_147' title='bbox 968 2390 1022 2448; x_wconf 93' lang='lat' dir='ltr'><em>po-</em></span> 
     </span>
     <span class='ocr_line' id='line_1_25' title="bbox 330 2449 1022 2526; baseline 0.003 -20"><span class='ocrx_word' id='word_1_148' title='bbox 330 2460 433 2506; x_wconf 90' lang='lat' dir='ltr'><em>nerent</em></span> <span class='ocrx_word' id='word_1_149' title='bbox 458 2461 485 2505; x_wconf 91' lang='lat' dir='ltr'><em>te</em></span> <span class='ocrx_word' id='word_1_150' title='bbox 508 2449 547 2507; x_wconf 89' lang='lat' dir='ltr'><em>ad</em></span> <span class='ocrx_word' id='word_1_151' title='bbox 572 2450 779 2526; x_wconf 88' lang='lat' dir='ltr'><em>disputandum</em></span> <span class='ocrx_word' id='word_1_152' title='bbox 806 2461 907 2509; x_wconf 89' lang='lat' dir='ltr'><em>contra</em></span> <span class='ocrx_word' id='word_1_153' title='bbox 925 2453 1022 2526; x_wconf 87' lang='lat' dir='ltr'><em>fasci-</em></span> 
     </span>
     <span class='ocr_line' id='line_1_26' title="bbox 329 2530 1024 2606; baseline 0.007 -22"><span class='ocrx_word' id='word_1_154' title='bbox 329 2530 419 2585; x_wconf 87' lang='lat' dir='ltr'><em>culos.</em></span> <span class='ocrx_word' id='word_1_155' title='bbox 432 2530 557 2585; x_wconf 88' lang='lat' dir='ltr'><em>Interim</em></span> <span class='ocrx_word' id='word_1_156' title='bbox 567 2548 623 2606; x_wconf 78' lang='lat' dir='ltr'><em>ego</em></span> <span class='ocrx_word' id='word_1_157' title='bbox 631 2532 697 2606; x_wconf 91' lang='lat' dir='ltr'><em>seci</em></span> <span class='ocrx_word' id='word_1_158' title='bbox 707 2531 809 2589; x_wconf 88' lang='lat' dir='ltr'><em>bonam</em></span> <span class='ocrx_word' id='word_1_159' title='bbox 820 2533 938 2602; x_wconf 93' lang='lat' dir='ltr'><em>minam,</em></span> <span class='ocrx_word' id='word_1_160' title='bbox 948 2533 1024 2590; x_wconf 86' lang='lat' dir='ltr'><em>sicut</em></span> 
     </span>
     <span class='ocr_line' id='line_1_27' title="bbox 330 2608 1022 2687; baseline 0.006 -23"><span class='ocrx_word' id='word_1_161' title='bbox 330 2618 362 2664; x_wconf 87' lang='lat' dir='ltr'><em>tu</em></span> <span class='ocrx_word' id='word_1_162' title='bbox 376 2608 485 2664; x_wconf 86' lang='lat' dir='ltr'><em>dixisti</em></span> <span class='ocrx_word' id='word_1_163' title='bbox 499 2609 574 2666; x_wconf 85' lang='lat' dir='ltr'><em>mihi</em></span> <span class='ocrx_word' id='word_1_164' title='bbox 587 2611 664 2684; x_wconf 79' lang='lat' dir='ltr'><em>quod</em></span> <span class='ocrx_word' id='word_1_165' title='bbox 676 2628 754 2687; x_wconf 80' lang='lat' dir='ltr'><em>sape</em></span> <span class='ocrx_word' id='word_1_166' title='bbox 771 2611 825 2668; x_wconf 91' lang='lat' dir='ltr'><em>tibi</em></span> <span class='ocrx_word' id='word_1_167' title='bbox 835 2608 973 2686; x_wconf 83' lang='lat' dir='ltr'><em>fecerunt</em></span> <span class='ocrx_word' id='word_1_168' title='bbox 994 2613 1022 2668; x_wconf 91' lang='lat' dir='ltr'><em>in</em></span> 
     </span>
    </p>
   </div>
   <div class='ocr_carea' id='block_1_3' title="bbox 326 2689 1024 3084">
    <p class='ocr_par' dir='ltr' id='par_1_4' title="bbox 326 2689 1024 3084">
     <span class='ocr_line' id='line_1_28' title="bbox 328 2689 1022 2767; baseline 0.007 -23"><span class='ocrx_word' id='word_1_169' title='bbox 328 2689 413 2744; x_wconf 88' lang='lat' dir='ltr'><em>curia</em></span> <span class='ocrx_word' id='word_1_170' title='bbox 427 2689 518 2763; x_wconf 75' lang='lat' dir='ltr'><em>regiS,</em></span> <span class='ocrx_word' id='word_1_171' title='bbox 535 2689 625 2746; x_wconf 90' lang='lat' dir='ltr'><em>etiam</em></span> <span class='ocrx_word' id='word_1_172' title='bbox 640 2709 695 2747; x_wconf 94' lang='lat' dir='ltr'><em>non</em></span> <span class='ocrx_word' id='word_1_173' title='bbox 710 2691 834 2747; x_wconf 88' lang='lat' dir='ltr'><em>multum</em></span> <span class='ocrx_word' id='word_1_174' title='bbox 850 2701 919 2748; x_wconf 89' lang='lat' dir='ltr'><em>ante</em></span> <span class='ocrx_word' id='word_1_175' title='bbox 936 2709 1022 2767; x_wconf 85' lang='lat' dir='ltr'><em>qnam</em></span> 
     </span>
     <span class='ocr_line' id='line_1_29' title="bbox 327 2769 1024 2847; baseline 0.007 -24"><span class='ocrx_word' id='word_1_176' title='bbox 327 2769 435 2824; x_wconf 90' lang='lat' dir='ltr'><em>darent</em></span> <span class='ocrx_word' id='word_1_177' title='bbox 458 2769 509 2823; x_wconf 86' lang='lat' dir='ltr'><em>tibi</em></span> <span class='ocrx_word' id='word_1_178' title='bbox 530 2779 590 2825; x_wconf 88' lang='lat' dir='ltr'><em>tam</em></span> <span class='ocrx_word' id='word_1_179' title='bbox 607 2770 779 2844; x_wconf 83' lang='lat' dir='ltr'><em>pulchram,</em></span> <span class='ocrx_word' id='word_1_180' title='bbox 803 2788 869 2827; x_wconf 91' lang='lat' dir='ltr'><em>cnm</em></span> <span class='ocrx_word' id='word_1_181' title='bbox 890 2781 921 2827; x_wconf 90' lang='lat' dir='ltr'><em>tn</em></span> <span class='ocrx_word' id='word_1_182' title='bbox 933 2773 1024 2847; x_wconf 82' lang='lat' dir='ltr'><em>suisti</em></span> 
     </span>
     <span class='ocr_line' id='line_1_30' title="bbox 328 2848 1023 2929; baseline 0.007 -26"><span class='ocrx_word' id='word_1_183' title='bbox 328 2848 476 2923; x_wconf 87' lang='lat' dir='ltr'><em>depositus</em></span> <span class='ocrx_word' id='word_1_184' title='bbox 491 2867 510 2905; x_wconf 92' lang='lat' dir='ltr'><em>a</em></span> <span class='ocrx_word' id='word_1_185' title='bbox 524 2859 573 2904; x_wconf 90' lang='lat' dir='ltr'><em>tuo</em></span> <span class='ocrx_word' id='word_1_186' title='bbox 586 2849 680 2925; x_wconf 87' lang='lat' dir='ltr'><em>officio</em></span> <span class='ocrx_word' id='word_1_187' title='bbox 691 2860 750 2906; x_wconf 89' lang='lat' dir='ltr'><em>tam</em></span> <span class='ocrx_word' id='word_1_188' title='bbox 763 2851 898 2926; x_wconf 88' lang='lat' dir='ltr'><em>turpiter.</em></span> <span class='ocrx_word' id='word_1_189' title='bbox 913 2852 956 2908; x_wconf 90' lang='lat' dir='ltr'><em>Et</em></span> <span class='ocrx_word' id='word_1_190' title='bbox 968 2870 1023 2929; x_wconf 82' lang='lat' dir='ltr'><em>ego</em></span> 
     </span>
     <span class='ocr_line' id='line_1_31' title="bbox 329 2928 1024 3000; baseline 0.007 -18"><span class='ocrx_word' id='word_1_191' title='bbox 329 2928 420 2983; x_wconf 85' lang='lat' dir='ltr'><em>dixi:</em></span> <span class='ocrx_word' id='word_1_192' title='bbox 438 2948 450 2981; x_wconf 77' lang='lat' dir='ltr'><em>u</em></span> <span class='ocrx_word' id='word_1_193' title='bbox 467 2930 555 2999; x_wconf 89' lang='lat' dir='ltr'><em>Bene,</em></span> <span class='ocrx_word' id='word_1_194' title='bbox 576 2929 701 3000; x_wconf 89' lang='lat' dir='ltr'><em>domine,</em></span> <span class='ocrx_word' id='word_1_195' title='bbox 724 2940 767 2986; x_wconf 90' lang='lat' dir='ltr'><em>est</em></span> <span class='ocrx_word' id='word_1_196' title='bbox 790 2930 892 2986; x_wconf 91' lang='lat' dir='ltr'><em>bonum</em></span> <span class='ocrx_word' id='word_1_197' title='bbox 912 2931 948 2986; x_wconf 92' lang='lat' dir='ltr'><em>de</em></span> <span class='ocrx_word' id='word_1_198' title='bbox 962 2949 1024 2988; x_wconf 87' lang='lat' dir='ltr'><em>esse</em></span> 
     </span>
     <span class='ocr_line' id='line_1_32' title="bbox 326 3009 1023 3084; baseline 0.006 -21"><span class='ocrx_word' id='word_1_199' title='bbox 326 3009 432 3081; x_wconf 86' lang='lat' dir='ltr'><em>plures·</em></span> <span class='ocrx_word' id='word_1_200' title='bbox 452 3025 539 3083; x_wconf 85' lang='lat' dir='ltr'><em>qnam</em></span> <span class='ocrx_word' id='word_1_201' title='bbox 563 3026 645 3080; x_wconf 91' lang='lat' dir='ltr'><em>unus,</em></span> <span class='ocrx_word' id='word_1_202' title='bbox 667 3026 725 3084; x_wconf 74' lang='lat' dir='ltr'><em>ego</em></span> <span class='ocrx_word' id='word_1_203' title='bbox 752 3010 821 3067; x_wconf 92' lang='lat' dir='ltr'><em>bene</em></span> <span class='ocrx_word' id='word_1_204' title='bbox 841 3011 944 3067; x_wconf 82' lang='lat' dir='ltr'><em>notabo</em></span> <span class='ocrx_word' id='word_1_205' title='bbox 967 3012 1023 3067; x_wconf 90' lang='lat' dir='ltr'><em>ista</em></span> 
     </span>
    </p>
   </div>
   <div class='ocr_carea' id='block_1_4' title="bbox 894 3125 914 3169">
    <p class='ocr_par' dir='ltr' id='par_1_5' title="bbox 894 3125 914 3169">
     <span class='ocr_line' id='line_1_33' title="bbox 894 3125 914 3169; baseline 0 0"><span class='ocrx_word' id='word_1_206' title='bbox 894 3125 914 3169; x_wconf 78' lang='lat'><em>5.</em></span> 
     </span>
    </p>
   </div>
   <div class='ocr_carea' id='block_1_5' title="bbox 0 0 1354 3800">
    <p class='ocr_par' dir='ltr' id='par_1_6' title="bbox 0 0 1354 3800">
     <span class='ocr_line' id='line_1_34' title="bbox 0 0 1354 3800; baseline 0 4"><span class='ocrx_word' id='word_1_207' title='bbox 0 0 1354 3800; x_wconf 95' lang='lat' dir='ltr'><em> </em></span> 
     </span>
    </p>
   </div>
  </div>
 </body>
</html>
