2700 3800
501 529 536 567 os
557 513 723 569 Possumus
923 535 959 591 29

265 637 359 692 tiones
383 653 451 693 snas
470 635 600 692 omnibns
622 637 732 694 sanctis
754 648 784 694 et
803 640 959 698 sanctabns

259 715 408 793 paradisi.
440 715 500 773 Sed
526 716 595 792 quia
618 716 779 791 praedictus
805 719 958 791 Magister

264 806 364 853 noster
385 796 472 876 *uixit
494 796 529 863 ei,
556 796 631 871 qnod
654 798 830 855 Laurentius
860 799 953 871 Valla,

263 876 385 952 quanvis
404 876 469 950 suit
495 875 660 944 ltaereticus,
693 886 787 932 tamen
815 888 858 934 est
883 897 957 937 unus

265 956 356 1012 bonus
367 956 481 1023 author,
503 956 552 1029 qui
565 973 619 1011 non
633 956 713 1028 facit
732 958 903 1014 mentionem
919 959 956 1016 de

261 1036 406 1112 praedicto
419 1036 516 1091 dativo
531 1036 712 1091 Sanctabus:
732 1035 795 1091 ideo
810 1038 955 1096 Dominus

262 1116 397 1190 Liqetns,
424 1114 543 1190 quanvis
570 1114 598 1169 in
623 1115 767 1189 principio
793 1117 950 1188 resisteret,

263 1206 370 1263 tamen,
393 1205 423 1250 ut
438 1195 484 1249 illi
502 1194 702 1268 complaceret,
722 1194 826 1250 delevit
843 1196 895 1251 hoc
910 1206 953 1253 to-

263 1287 335 1342 tum,
367 1285 396 1330 et
424 1284 535 1330 tantum
562 1274 640 1348 jecit
667 1274 840 1329 mentionem
870 1275 953 1332 Jesn-

264 1355 386 1423 Christi,
401 1354 429 1409 in
439 1371 494 1428 quo
501 1370 608 1430 parum
623 1353 704 1409 abest
713 1354 780 1426 quin
793 1354 832 1409 sit
844 1355 952 1410 Lntlte-

261 1452 362 1492 ranas.
383 1466 417 1475 -
441 1435 468 1493 0
481 1443 567 1501 certe,
585 1453 600 1487 »
614 1433 688 1502 dixi,
708 1454 722 1485 n
737 1450 793 1508 ego
808 1433 873 1490 nolo
885 1452 951 1492 enm

260 1515 413 1582 sustinere,
431 1514 484 1571 sed
501 1523 596 1569 tamen
614 1513 677 1569 uolo
696 1513 749 1568 tibi
769 1513 865 1570 dicere
882 1514 952 1589 quid

256 1605 359 1671 posset
376 1604 477 1668 contra
494 1593 629 1669 allegare
646 1603 678 1648 ut
693 1594 790 1668 magis
809 1605 951 1669 appareat

259 1675 380 1733 ueritas.
403 1676 470 1750 lpse
488 1683 587 1749 posset
608 1673 714 1744 dicere,
742 1674 817 1750 qnod
837 1674 887 1729 ubi
907 1685 951 1731 est

259 1758 339 1824 Rex,
357 1764 401 1811 est
417 1754 550 1812 Curia.»

297 1836 419 1898 n-lta,
439 1835 489 1904 ita,
505 1833 615 1889 »dixit
631 1835 700 1910 ipse,
720 1853 734 1885 n
750 1842 847 1910 elego
861 1832 948 1890 credo

259 1916 336 1993 qnod
349 1916 391 1972 sic
406 1914 556 1987 intelligit.
570 1914 636 1982 Sed,
654 1923 792 1988 quantum
805 1912 949 1987 adipsum

258 1995 416 2052 materiam
431 1994 636 2070 praefationis,
663 1993 787 2069 gallina
811 1993 949 2049 Francia

257 2075 361 2132 debent
374 2074 481 2131 habere
492 2092 632 2148 magnum
648 2074 791 2141 timorem,
808 2072 879 2146 quia
888 2073 949 2128 vul-

255 2165 384 2232 pessunt
391 2154 472 2228 sacti
481 2153 637 2209 heremita.
653 2154 736 2208 Nam
749 2169 832 2207 nemo
844 2152 948 2225 estqui

256 2234 367 2291 nesciat
380 2250 468 2309 super
482 2242 571 2289 totam
584 2242 703 2300 terram,
719 2250 772 2287 non
783 2248 845 2287 esse
858 2248 946 2288 unum

257 2314 402 2372 hominem
423 2313 521 2384 magis
540 2312 725 2368 ambitiosum
741 2311 805 2376 isto,
827 2320 856 2365 et
865 2328 946 2384 prae-

256 2394 340 2468 cipue
361 2410 395 2448 ea
415 2393 578 2458 ambitione,
600 2410 664 2467 qua
685 2401 729 2448 est
753 2391 885 2446 maxime
906 2390 945 2446 n·-

257 2472 381 2530 menda:
404 2490 515 2547 nempe,
538 2489 603 2547 quoe
626 2471 698 2528 latet
720 2471 773 2527 sub
795 2479 946 2544 praetextu

256 2552 433 2611 humilitatis
449 2572 458 2607 .·
477 2562 505 2608 et
527 2551 602 2626 quod
623 2552 664 2606 ita
688 2551 736 2620 sit,
758 2567 855 2607 omnes
877 2549 946 2606 bene

257 2751 306 2783 non
322 2737 404 2782 uideat
421 2749 497 2796 genus
512 2737 621 2790 dicendi,
641 2747 688 2793 quo
706 2735 775 2780 iliius
791 2735 946 2782 instrumenti

255 2800 362 2857 scriptor
373 2804 408 2844 est
417 2811 473 2844 usus
487 2799 509 2853 (il
522 2799 582 2853 parle
592 2799 619 2842 de
630 2798 703 2841 l⁸Acte
714 2797 741 2841 de
755 2804 810 2840 cette
822 2797 942 2852 Donationl

256 2862 395 2920 longissime
403 2862 434 2905 ab
443 2861 512 2906 illins
518 2860 601 2906 saculi
612 2858 784 2904 consuetudine
793 2859 945 2904 abliorrere?

255 2936 326 2983 qnam
335 2923 527 2982 reprehensionis
533 2927 628 2980 partem
642 2920 743 2966 Plotina
753 2921 779 2964 in
790 2921 835 2965 illo
845 2921 943 2978 Sylues-

256 2991 296 3031 tro
306 2997 353 3030 non
368 2985 533 3043 pretermisit,
550 2983 592 3030 sed
602 2983 690 3040 fusius
702 2987 843 3041 persecutns
860 2989 895 3029 est
904 2984 944 3028 vir

256 3047 376 3094 acerrimo
387 3047 414 3093 in
425 3048 469 3093 ltoc
479 3059 566 3107 genere
579 3045 685 3104 jndicio,
702 3046 858 3093 laurentius,
865 3046 941 3090 Valla.

828 3140 849 3187 ³.
