2700 3800
495 496 532 534 ne
554 476 721 536 passiva-r
901 482 951 539 155

264 602 325 671 sice,
353 611 382 657 et
409 601 462 657 hoc
490 600 578 657 etiam
607 618 658 658 nos
683 600 861 678 confitemur,
887 605 952 660 Da-

265 690 342 746 mine
352 688 554 745 Nunc-Abbas
566 710 575 744 :
587 689 638 745 sed
651 690 775 746 dicimus
787 691 864 765 qnod
872 691 954 748 aliud

265 779 307 826 est
320 767 511 843 interpretari
530 768 715 843 Scripturam
741 786 781 825 ex
794 770 862 826 aliis
884 771 954 828 locis

264 847 436 923 Scriptum,
456 864 543 920 quam
564 848 672 921 facere
695 866 782 905 nouas
808 848 896 925 leges,
924 859 954 905 et

264 944 368 983 canere
394 926 521 983 Missam
543 946 553 981 .·
573 936 603 982 et
622 926 761 997 uolumus,
785 929 853 1002 quia
870 928 953 987 Scri·

264 1016 350 1081 ptura
363 1005 481 1081 sufficit,
492 1015 588 1061 utnon
602 1015 772 1080 querantur
780 1009 953 1081 questiones

263 1103 327 1160 qnoe
351 1101 408 1141 uon
429 1084 552 1141 habeant
566 1084 794 1157 fundamentum
816 1087 844 1142 in
869 1087 952 1145 Scri·

261 1174 357 1240 ptura.
371 1163 415 1219 Et
426 1163 468 1219 ita
483 1173 512 1219 tu
526 1181 558 1221 es
570 1173 680 1237 captus,
688 1165 750 1221 'nisi
763 1166 833 1222 uelis
844 1166 951 1236 dicere,
1025 1235 1027 1239 Ι

263 1243 338 1318 quod
348 1243 523 1300 Anastasius
535 1243 575 1298 sit
589 1242 749 1313 hereticus,
764 1255 793 1300 et
806 1244 865 1319 ipse
875 1247 951 1301 Am-

264 1323 385 1393 brosius,
402 1323 515 1397 quando
529 1321 601 1377 dicit
620 1322 697 1396 quod
717 1323 788 1378 nihil
799 1324 880 1380 deest
894 1324 948 1394 itti,

263 1419 345 1477 quem
364 1401 515 1475 utriusque
539 1402 718 1457 Testamenti
737 1402 869 1458 doctrina
890 1421 951 1459 mu-

263 1480 374 1538 nierit:
401 1480 559 1537 excludens
575 1497 632 1554 per
656 1480 710 1535 hoe
725 1482 821 1537 omnia
835 1483 949 1556 sunda-

263 1570 367 1630 menta‚
388 1576 454 1634 quoe
481 1568 511 1613 tu
526 1559 611 1632 salso
638 1575 723 1616 uocas
748 1560 950 1617 Ecclesiastica

263 1639 409 1712 dogmata,
424 1647 454 1693 et
469 1655 532 1711 quoe
550 1647 581 1692 tu
601 1638 673 1694 dicis
691 1639 767 1712 quod
780 1640 899 1712 saciant
911 1640 952 1695 ad

263 1716 515 1794 mortificationem
538 1717 650 1786 carnis,
678 1717 753 1774 sicut
779 1718 816 1773 de
845 1720 951 1775 audire

263 1795 387 1854 Missam
403 1795 542 1870 quotidie,
557 1805 586 1851 et
602 1796 733 1872 confiteri
752 1797 905 1869 sacerdoti,
921 1809 950 1854 et

263 1874 412 1933 comedere
432 1884 542 1930 tantum
565 1874 593 1930 in
609 1875 737 1950 prandio
755 1875 829 1949 quod
848 1885 878 1930 tu
894 1893 949 1933 non

263 1971 343 2012 cures
357 1954 394 2010 de
407 1971 497 2023 coena,
519 1963 548 2009 et
568 1955 698 2010 inuocare
712 1972 810 2011 omnes
827 1957 949 2013 Sanctos

264 2043 289 2088 et
309 2035 433 2091 Sanctus
451 2032 614 2105 Paratysi,
640 2042 741 2089 contra
758 2043 906 2110 precepta
920 2044 949 2089 et

265 2113 397 2190 exempla
407 2111 506 2168 omnia
519 2112 692 2188 Scriptura’.

298 2895 374 2964 Quid
398 2896 496 2972 ergo?
517 2905 548 2951 tu
568 2896 708 2952 clamabis
731 2895 853 2951 muitum
879 2913 942 2952 cum

272 2966 409 3049 Magistro
416 2984 513 3045 nostra
520 2975 656 3043 Picardo,
668 2974 745 3048 quod
755 2992 806 3032 nos
813 2974 943 3031 uolumus
