2700 3800
557 528 594 565 os
615 512 782 565 Psssnvsus
961 512 1011 583 195

330 638 412 692 etiam
430 653 446 690 e
461 635 572 689 directo
595 642 695 687 contra
718 648 776 698 ros,
792 632 861 705 quia
874 649 957 687 nemo
971 643 1014 688 est

330 717 443 789 quinon
459 713 555 770 videat
574 711 791 767 eonsuetudines
811 711 953 767 Ecclesia
974 730 1014 766 ex

332 812 439 869 magna
450 802 540 867 parte
554 800 681 846 mutatas
693 790 796 863 ubique
806 790 932 865 :partim
945 791 1013 864 quia

330 873 369 927 sie
379 871 510 946 oportuit
521 879 643 945 propter
656 878 770 923 mutata
787 878 925 942 tempora.
941 870 1014 925 sicut

330 969 375 1008 ros
390 966 532 1025 expresse
545 960 573 1004 et
581 948 757 1022 formaliter
774 948 879 1013 dicitis,
900 965 962 1022 cap.
979 947 1010 1003 3.

332 1030 376 1085 tit.
392 1028 546 1104 sequentis,
562 1028 716 1083 immemor
729 1026 804 1099 quod
822 1026 949 1082 mendax
963 1026 1013 1082 de-

331 1108 450 1165 teresse
464 1124 576 1163 memor
593 1123 712 1163 suorum
727 1106 889 1161 dictorum:
903 1106 1012 1179 partim

328 1205 379 1261 per
405 1186 626 1261 suggestionem
650 1185 768 1251 diaboii,
784 1185 835 1258 qui
856 1185 1014 1259 praevaluit

331 1268 415 1321 etiam
425 1264 598 1321 authoritati
608 1264 768 1337 Scriptum
774 1281 830 1337 per
836 1265 951 1337 justum
959 1266 1012 1337 ju-

331 1346 436 1400 dicium
453 1344 511 1399 Dei
520 1343 598 1418 apud
608 1344 722 1416 Papam
732 1352 761 1397 et
773 1360 848 1404 suos,
859 1352 890 1397 ut
900 1342 1013 1415 quando

330 1423 445 1479 sustulit
459 1421 690 1478 distributionem
712 1420 812 1476 calicis
834 1432 934 1477 contra
947 1438 1013 1477 rer-

332 1502 394 1557 lmm
409 1501 476 1571 Dei,
487 1511 515 1555 et
528 1500 758 1556 consuetudinem
771 1500 1010 1572 Ecclesiae‚quam

330 1599 381 1636 non
387 1580 511 1655 potestis
522 1596 641 1654 negare,
655 1579 713 1634 nisi
724 1579 818 1635 velitis
828 1596 891 1636 esse
904 1580 1011 1653 effron·

331 1669 369 1717 tes
383 1660 457 1717 sieut
471 1658 637 1714 meretrices
650 1657 725 1731 qnod
736 1658 814 1714 estis.

360 2055 431 2130 Ego
443 2069 553 2126 quoque
566 2052 630 2109 uolo
642 2054 689 2110 hic
697 2055 803 2129 facere
808 2054 901 2127 finem
920 2054 1011 2128 primi

329 2132 409 2206 hujus
428 2141 578 2199 tractatus,
606 2149 690 2204 quem
718 2149 773 2208 ego
797 2132 876 2190 robis
899 2132 1008 2202 direxi,

329 2211 452 2267 Domine
465 2211 759 2284 Nuper-Presidens,
778 2211 847 2267 bene
855 2213 1011 2286 fastiditus

327 2291 360 2344 de
373 2288 486 2345 duabus
511 2288 604 2344 rebus
628 2289 762 2345 Primum
783 2291 859 2365 quod
874 2292 939 2365 suit
958 2309 1009 2347 ne-

328 2368 469 2425 cessitatis
482 2367 580 2423 dicere
594 2368 671 2425 robis
686 2380 767 2424 tanta
786 2388 850 2445 quie
864 2388 917 2426 non
926 2371 1010 2444 sere-

328 2448 362 2503 tis
371 2447 538 2522 patienter:
551 2445 655 2502 deinde
663 2448 738 2522 quod
749 2467 805 2526 ego
815 2467 869 2504 non
877 2460 1008 2524 poteram

327 2527 411 2582 eitius
425 2524 567 2600 expedire
579 2543 633 2584 me.

360 2684 420 2743 Sed
433 2684 510 2758 quod
535 2682 574 2738 ad
593 2684 733 2757 primum,
757 2686 836 2742 robis
863 2687 1010 2743 subveniat

328 2764 401 2836 qnod
414 2779 471 2837 ego
483 2762 551 2817 dixi
564 2762 641 2817 robis
655 2764 833 2830 discedendo,
850 2765 918 2838 quia
942 2766 1010 2822 bene

328 2843 451 2898 sciebam
466 2841 541 2916 quod
560 2842 672 2914 suisset
694 2844 796 2898 melius
810 2844 846 2897 de
859 2860 913 2898 non
928 2846 1009 2901 exei-

330 2932 391 2977 tare
413 2931 508 2976 catum
535 2921 586 2994 qui
608 2921 733 2976 dormit:
746 2923 797 2979 sed
818 2922 950 2979 noluistis
965 2943 1010 2979 me

328 3001 451 3066 credere,
467 3009 495 3054 et
518 2999 637 3055 misistis
665 3019 711 3056 me
734 3003 761 3056 in
787 3003 860 3057 hanc
881 3004 1008 3076 patriam
