2700 3800
498 532 534 569 ns:
554 515 717 571 Psssuvnsr
835 545 838 550 ·
901 516 950 572 153

260 637 322 712 ipse'
336 637 406 693 lene
420 635 494 693 dicit
505 646 534 692 et
543 637 669 712 optime:
683 636 876 694 Consuetudo
890 637 953 695 sine

260 715 381 772 veritate
391 727 436 772 est
449 726 579 771 vetustas
593 714 710 772 erroris.
724 717 807 771 Nam
818 716 880 771 sine
889 716 951 787 hoc,

261 795 388 852 Domine
409 794 622 864 Nunc-Albas,
641 804 671 850 tu
684 811 785 869 posses
798 795 887 851 etiam
901 795 952 852 de-

256 873 382 950 fendere
396 883 447 930 tua
460 874 620 943 mendacia,
637 874 706 948 quia
720 884 750 929 tu
764 891 866 950 posses
879 875 952 931 alle·

260 969 342 1030 gare,
359 952 437 1028 quod
460 962 491 1008 tu
517 969 634 1029 semper
642 952 747 1027 fecisti
765 954 818 1024 sic,
832 964 860 1011 et
875 954 951 1011 idem

260 1031 296 1088 de
307 1031 435 1089 coeteris.
449 1032 505 1088 Ex
515 1048 570 1106 quo
580 1040 664 1107 patet
676 1031 753 1105 quod
760 1042 872 1107 prater
885 1049 952 1089 con·

260 1109 441 1167 suetudinem
457 1118 571 1187 oportet
583 1109 696 1184 aliquid
716 1127 787 1180 esse,
806 1128 863 1186 per
876 1111 953 1186 quod

259 1198 454 1267 cognoscatur
470 1205 508 1245 an
523 1205 558 1245 ea
571 1189 744 1245 consuetudo
756 1190 798 1247 sit
811 1189 894 1249 bona.
909 1191 953 1247 Et

260 1285 349 1343 super
371 1267 426 1324 lsoc
449 1266 585 1337 dicimus,
616 1267 693 1342 quod
718 1268 772 1324 hoc
800 1277 844 1325 est
866 1285 953 1326 sacra

260 1345 433 1422 Scriptura,
454 1345 520 1403 ideo
538 1344 648 1422 scrs'pua
668 1363 687 1401 a
704 1346 819 1422 Spiritu
842 1356 949 1417 sancto,

261 1426 415 1483 utsicuttu
426 1425 576 1500 cognoscis
586 1425 685 1482 uinum
694 1425 734 1481 ad
743 1442 844 1482 nasum
859 1436 949 1497 mum,

260 1504 303 1562 sic
325 1504 464 1582 cognosci
483 1513 606 1580 possum
626 1514 685 1560 tua
705 1514 734 1560 et
755 1505 799 1561 tui
810 1506 952 1563 similium

261 1582 434 1660 Religiones
444 1583 538 1656 salsa
557 1600 577 1640 a
589 1584 676 1653 ueris,
694 1593 723 1639 et
735 1584 870 1642 Ecclesia
882 1602 953 1643 uera

261 1679 280 1718 a
284 1661 389 1738 salsa:
401 1661 470 1738 quia
480 1662 556 1720 sicut
564 1662 635 1719 dicit
646 1664 785 1733 Irenoeus,
801 1663 953 1738 Scriptura

261 1740 535 1799 cstiirmamentum
543 1754 572 1798 et
584 1740 725 1798 columna
738 1742 884 1799 Ecclesiae.
892 1744 953 1800 Sel

212 1811 214 1826 '
262 1830 293 1877 tu
309 1820 354 1877 uis
368 1836 428 1896 pro
440 1820 598 1895 Scriptura
616 1830 717 1877 sancta
735 1822 878 1878 sustinere
890 1823 951 1878 Pa·

212 1899 214 1909 '
258 1917 329 1976 pam
349 1897 380 1957 e't
396 1916 472 1970 suos,
490 1917 561 1975 quos
579 1910 610 1956 tu
625 1901 760 1958 mentiris
774 1919 836 1959 esse
849 1902 952 1958 Eccle-

262 1980 345 2051 siam,
362 1988 393 2036 et
400 1978 488 2056 ponis
505 1996 596 2055 supra
608 1990 739 2037 sanctam
757 1981 921 2038 Ecclesiam
941 2002 951 2037 z

263 2058 369 2116 etideo
392 2074 448 2114 non
462 2066 513 2115 'est
535 2059 673 2115 mirabile
697 2059 773 2132 quod
795 2068 826 2115 tu
839 2076 952 2134 arguas

265 2146 322 2193 tam
334 2144 464 2207 cornute,
482 2137 594 2210 etquod
611 2146 642 2193 tu
657 2138 767 2194 nescias
779 2138 849 2212 quid
866 2138 949 2195 dicis.

264 2215 408 2284 Breviter,
424 2225 504 2271 netu
518 2216 599 2272 nobis
607 2217 703 2290 jactes
721 2217 803 2273 toties
818 2217 951 2274 traditio·

265 2310 312 2353 nes
322 2293 540 2370 Apostolorum,
551 2311 602 2351 nos
611 2295 735 2350 dicimus
746 2295 799 2350 tibi
811 2296 887 2370 quod
897 2296 952 2372 ipsi

267 2374 397 2432 Catones
404 2373 612 2448 Apostolorum
624 2384 692 2430 sunt
704 2375 884 2431 condemnati
895 2392 952 2450 pro

264 2452 441 2528 apocryphis
465 2469 485 2508 a
512 2453 631 2509 Gelasio
653 2454 746 2528 Papa.
775 2454 847 2510 Vide
870 2463 950 2510 tuum

264 2532 430 2601 Decretum,
455 2530 491 2586 de
512 2541 600 2608 parte
624 2533 691 2595 Dei,
715 2543 744 2588 et
770 2542 836 2588 tunc
859 2532 952 2609 incipe

266 2610 357 2668 licere
369 2609 446 2686 quod
460 2619 490 2666 tu
505 2628 535 2668 es
548 2612 660 2667 Doctor
673 2612 779 2686 injure
794 2612 949 2670 Canonico.

268 2690 435 2760 Enimuero,
475 2690 601 2746 Domine
630 2693 736 2765 Nuper
772 2691 946 2762 Prasidens,

268 2786 315 2843 quo
341 2768 429 2826 modo
456 2769 610 2843 respondes
636 2770 675 2825 ad
702 2770 776 2826 illua
801 2771 952 2830 Anastasii

270 2847 397 2905 lictum:
422 2846 506 2904 Nihil
529 2851 692 2921 essequod
715 2860 840 2921 nequeat
862 2850 950 2907 sacris

272 2925 425 3001 scripturis
450 2926 591 2984 dissolvi?
616 2929 698 2984 Nam
725 2938 756 2984 tu
778 2928 852 2985 dicis
876 2931 952 3004 quod

274 3017 407 3076 praterea
432 3007 601 3081 requiratur
627 3008 826 3082 interpretatio
848 3010 950 3067 Eccle-
