2700 3800
403 572 597 666 Candido
628 574 807 667 Lectori.
848 543 858 630 ἶ

309 852 440 918 Petrus
462 848 617 940 Liretus,
638 849 675 918 in
691 850 822 918 Senatu
840 851 952 919 Pari·

260 958 371 1027 siensi
384 957 534 1036 Praeses,
552 978 625 1047 pro
646 979 685 1024 ea
710 980 778 1048 qua
793 958 952 1047 pollebat

261 1064 493 1147 auctoritate,
511 1064 621 1155 ferro
635 1063 862 1154 flammisque
882 1088 950 1156 pu-

262 1172 396 1240 riorem
426 1169 617 1261 Evangelii
649 1169 845 1239 doctrinam
878 1195 951 1241 am·

254 1282 383 1372 plexos
404 1278 643 1347 crudelissime
658 1279 945 1369 persequebatur.

262 1388 353 1455 Post
362 1385 500 1486 decreto
516 1386 618 1476 regio
633 1408 700 1453 non
719 1408 758 1453 ea
772 1385 951 1477 dignitate
1025 1380 1049 1424 ⁸

261 1494 374 1561 solurn
382 1493 544 1587 desectus,
552 1492 614 1561 sed
622 1493 728 1561 etiam
741 1494 872 1562 Senatu
882 1517 950 1563 ma

264 1611 334 1684 tus,
349 1601 385 1669 in
395 1622 501 1691 aegrae
515 1600 640 1669 mentis
648 1600 815 1669 solatium
822 1602 950 1693 factus

263 1721 316 1799 est
330 1708 445 1775 Abbas
462 1709 499 1774 S.
521 1707 689 1775 Victoris.
710 1708 768 1777 lbi
782 1730 857 1776 cnm
871 1732 951 1800 snp-

254 1815 451 1909 pliciornm
463 1814 655 1883 acerbitate
670 1837 736 1883 non
743 1786 865 1906 pessel
880 1839 950 1884 arn-

256 1923 355 2014 plius
369 1923 406 1990 in
419 1922 455 1989 E
456 1923 652 2012 vangelicos
669 1923 807 2007 sarire,
825 1924 948 1993 stilum

262 2031 300 2099 in
324 2052 380 2098 eos
403 2028 555 2098 decreuit
577 2029 768 2121 stringere.
796 2029 948 2099 Librum

263 2137 380 2227 itaque
400 2135 435 2203 in
457 2157 514 2203 eos
527 2134 651 2219 edidit,
671 2136 730 2204 cui
748 2137 883 2227 scripto
902 2137 950 2205 ad

262 2242 453 2311 ridiculum
468 2242 656 2331 composito
669 2265 867 2333 responsum
880 2254 945 2328 est,

261 2347 355 2441 qnod
376 2349 444 2417 tibi
462 2372 537 2417 curn
562 2348 691 2440 elogiis
708 2349 756 2418 ad
776 2351 868 2418 idem
890 2372 946 2420 ar·

256 2465 460 2548 gumentum
469 2456 727 2547 pertinentibus
736 2456 942 2551 exhibemus,

266 2565 374 2632 Utere
387 2574 422 2631 et
435 2562 603 2631 hilariter
612 2564 751 2654 fruere.

260 2787 309 2830 dats
322 2783 382 2828 dela
399 2783 467 2840 garde
478 2784 508 2827 du
525 2785 582 2840 Roy,
595 2784 669 2828 {urent
685 2795 741 2826 ceux
750 2783 788 2839 qui
799 2784 862 2829 {irent
877 2785 945 2829 lext-

261 2846 335 2891 cution
346 2859 385 2889 sur
396 2846 417 2888 la
429 2846 546 2901 Noblesse,
558 2845 662 2888 finissans
671 2856 727 2887 avec
735 2857 779 2889 eux
793 2849 824 2899 tce
833 2847 945 2902 disoyent-

261 2909 296 2963 ils)
308 2908 441 2964 perferet
459 2907 584 2951 de'sordres
595 2907 628 2949 les
645 2919 733 2962 procez,
748 2920 790 2962 que
802 2909 822 2951 la
833 2910 913 2965 plume,
925 2910 946 2952 le

261 2969 338 3026 papier
349 2976 371 3012 et
382 2969 462 3013 l'ordre
480 2968 506 3012 de
518 2968 604 3023 justice,
618 2967 735 3026 n'avoyent
748 2967 881 3027 jusqu'alors
893 2982 945 3014 sceu

261 3030 367 3075 vuider.»
383 3030 492 3091 (Notedn
507 3027 678 3084 Tradnetenr.)
