<?xml version="1.0" encoding="UTF-8"?>
<!DOCTYPE html PUBLIC "-//W3C//DTD XHTML 1.0 Transitional//EN"
    "http://www.w3.org/TR/xhtml1/DTD/xhtml1-transitional.dtd">
<html xmlns="http://www.w3.org/1999/xhtml" xml:lang="en" lang="en">
 <head>
  <title>
</title>
<meta http-equiv="Content-Type" content="text/html;charset=utf-8" />
  <meta name='ocr-system' content='tesseract 3.04.00' />
  <meta name='ocr-capabilities' content='ocr_page ocr_carea ocr_par ocr_line ocrx_word'/>
</head>
<body>
  <div class='ocr_page' id='page_1' title='image "./lepassavantdeth00goog_0080.png"; bbox 0 0 2700 3800; ppageno 0'>
   <div class='ocr_carea' id='block_1_1' title="bbox 568 510 1021 568">
    <p class='ocr_par' dir='ltr' id='par_1_1' title="bbox 568 510 1021 568">
     <span class='ocr_line' id='line_1_1' title="bbox 568 510 1021 568; baseline 0.007 -3"><span class='ocrx_word' id='word_1_1' title='bbox 568 528 604 565; x_wconf 71' lang='lat' dir='ltr'><em>ns:</em></span> <span class='ocrx_word' id='word_1_2' title='bbox 626 510 792 567; x_wconf 70' lang='lat' dir='ltr'><em>Pssssvmr</em></span> <span class='ocrx_word' id='word_1_3' title='bbox 986 512 1021 568; x_wconf 76' lang='lat'><em>63</em></span> 
     </span>
    </p>
   </div>
   <div class='ocr_carea' id='block_1_2' title="bbox 307 634 1025 2226">
    <p class='ocr_par' dir='ltr' id='par_1_2' title="bbox 307 634 1025 2226">
     <span class='ocr_line' id='line_1_2' title="bbox 328 634 1025 710; baseline 0.007 -21"><span class='ocrx_word' id='word_1_4' title='bbox 328 644 439 690; x_wconf 85' lang='lat' dir='ltr'><em>nostroe</em></span> <span class='ocrx_word' id='word_1_5' title='bbox 462 634 655 691; x_wconf 84' lang='lat' dir='ltr'><em>Universitati</em></span> <span class='ocrx_word' id='word_1_6' title='bbox 672 650 760 710; x_wconf 83' lang='lat' dir='ltr'><em>quam</em></span> <span class='ocrx_word' id='word_1_7' title='bbox 778 635 833 692; x_wconf 86' lang='lat' dir='ltr'><em>iste</em></span> <span class='ocrx_word' id='word_1_8' title='bbox 844 635 935 694; x_wconf 80' lang='lat' dir='ltr'><em>tabit.</em></span> <span class='ocrx_word' id='word_1_9' title='bbox 953 636 1025 694; x_wconf 79' lang='lat' dir='ltr'><em>«Et</em></span> 
     </span>
     <span class='ocr_line' id='line_1_3' title="bbox 328 713 1024 790; baseline 0.001 -20"><span class='ocrx_word' id='word_1_10' title='bbox 328 713 497 790; x_wconf 81' lang='lat' dir='ltr'><em>quomodo?</em></span> <span class='ocrx_word' id='word_1_11' title='bbox 509 735 524 766; x_wconf 77' lang='grc' dir='ltr'><strong>ι</strong></span> <span class='ocrx_word' id='word_1_12' title='bbox 539 715 616 783; x_wconf 82' lang='lat' dir='ltr'><em>dixi,</em></span> <span class='ocrx_word' id='word_1_13' title='bbox 635 736 649 767; x_wconf 83' lang='grc' dir='ltr'>ι</span> <span class='ocrx_word' id='word_1_14' title='bbox 666 715 728 789; x_wconf 87' lang='lat' dir='ltr'><em>ipse</em></span> <span class='ocrx_word' id='word_1_15' title='bbox 736 715 802 789; x_wconf 76' lang='lat' dir='ltr'><em>fait</em></span> <span class='ocrx_word' id='word_1_16' title='bbox 815 715 981 773; x_wconf 84' lang='lat' dir='ltr'><em>combustus</em></span> <span class='ocrx_word' id='word_1_17' title='bbox 995 716 1024 771; x_wconf 85' lang='lat' dir='ltr'><em>in</em></span> 
     </span>
     <span class='ocr_line' id='line_1_4' title="bbox 320 794 1025 871; baseline 0.001 -22"><span class='ocrx_word' id='word_1_18' title='bbox 320 795 438 871; x_wconf 80' lang='lat' dir='ltr'><em>figura.</em></span> <span class='ocrx_word' id='word_1_19' title='bbox 449 794 549 865; x_wconf 88' lang='lat' dir='ltr'><em>-Ita,</em></span> <span class='ocrx_word' id='word_1_20' title='bbox 567 795 617 864; x_wconf 90' lang='lat' dir='ltr'><em>ita,</em></span> <span class='ocrx_word' id='word_1_21' title='bbox 632 816 646 847; x_wconf 76' lang='lat' dir='ltr'><em>r</em></span> <span class='ocrx_word' id='word_1_22' title='bbox 661 794 750 864; x_wconf 83' lang='lat' dir='ltr'><em>dixit,</em></span> <span class='ocrx_word' id='word_1_23' title='bbox 768 795 845 852; x_wconf 78' lang='lat' dir='ltr'><em>«sed</em></span> <span class='ocrx_word' id='word_1_24' title='bbox 858 795 935 851; x_wconf 81' lang='lat' dir='ltr'><em>ridet</em></span> <span class='ocrx_word' id='word_1_25' title='bbox 947 795 1025 852; x_wconf 85' lang='lat' dir='ltr'><em>sede</em></span> 
     </span>
     <span class='ocr_line' id='line_1_5' title="bbox 329 873 1025 951; baseline -0.001 -19"><span class='ocrx_word' id='word_1_26' title='bbox 329 874 487 947; x_wconf 76' lang='lat' dir='ltr'><em>magistris</em></span> <span class='ocrx_word' id='word_1_27' title='bbox 510 874 617 931; x_wconf 86' lang='lat' dir='ltr'><em>nostris</em></span> <span class='ocrx_word' id='word_1_28' title='bbox 641 873 670 929; x_wconf 87' lang='lat' dir='ltr'><em>in</em></span> <span class='ocrx_word' id='word_1_29' title='bbox 690 874 817 949; x_wconf 88' lang='lat' dir='ltr'><em>propria</em></span> <span class='ocrx_word' id='word_1_30' title='bbox 837 891 972 951; x_wconf 85' lang='lat' dir='ltr'><em>persona,</em></span> <span class='ocrx_word' id='word_1_31' title='bbox 997 885 1025 931; x_wconf 86' lang='lat' dir='ltr'><em>et</em></span> 
     </span>
     <span class='ocr_line' id='line_1_6' title="bbox 330 953 1024 1029; baseline 0.001 -20"><span class='ocrx_word' id='word_1_32' title='bbox 330 954 403 1010; x_wconf 84' lang='lat' dir='ltr'><em>dicit</em></span> <span class='ocrx_word' id='word_1_33' title='bbox 425 953 509 1009; x_wconf 80' lang='lat' dir='ltr'><em>mille</em></span> <span class='ocrx_word' id='word_1_34' title='bbox 522 953 674 1029; x_wconf 84' lang='lat' dir='ltr'><em>jocularia</em></span> <span class='ocrx_word' id='word_1_35' title='bbox 695 953 732 1009; x_wconf 83' lang='lat' dir='ltr'><em>de</em></span> <span class='ocrx_word' id='word_1_36' title='bbox 752 955 905 1028; x_wconf 79' lang='lat' dir='ltr'><em>Magistro</em></span> <span class='ocrx_word' id='word_1_37' title='bbox 926 964 1024 1011; x_wconf 88' lang='lat' dir='ltr'><em>nostro</em></span> 
     </span>
     <span class='ocr_line' id='line_1_7' title="bbox 329 1033 1023 1109; baseline 0.001 -21"><span class='ocrx_word' id='word_1_38' title='bbox 329 1033 366 1089; x_wconf 88' lang='lat' dir='ltr'><em>de</em></span> <span class='ocrx_word' id='word_1_39' title='bbox 388 1034 495 1104; x_wconf 75' lang='lat' dir='ltr'><em>Cavea,</em></span> <span class='ocrx_word' id='word_1_40' title='bbox 517 1050 602 1107; x_wconf 85' lang='lat' dir='ltr'><strong><em>quem</em></strong></span> <span class='ocrx_word' id='word_1_41' title='bbox 618 1033 681 1109; x_wconf 84' lang='lat' dir='ltr'><em>ipse</em></span> <span class='ocrx_word' id='word_1_42' title='bbox 698 1042 781 1090; x_wconf 78' lang='lat' dir='ltr'><em>vocat</em></span> <span class='ocrx_word' id='word_1_43' title='bbox 793 1034 1023 1109; x_wconf 82' lang='lat' dir='ltr'><em>Sinapirorum:</em></span> 
     </span>
     <span class='ocr_line' id='line_1_8' title="bbox 330 1112 1025 1189; baseline 0.001 -20"><span class='ocrx_word' id='word_1_44' title='bbox 330 1122 359 1169; x_wconf 88' lang='lat' dir='ltr'><em>et</em></span> <span class='ocrx_word' id='word_1_45' title='bbox 371 1113 408 1168; x_wconf 86' lang='lat' dir='ltr'><em>de</em></span> <span class='ocrx_word' id='word_1_46' title='bbox 418 1113 572 1189; x_wconf 81' lang='lat' dir='ltr'><em>Magistro</em></span> <span class='ocrx_word' id='word_1_47' title='bbox 585 1122 684 1170; x_wconf 86' lang='lat' dir='ltr'><em>nostro</em></span> <span class='ocrx_word' id='word_1_48' title='bbox 696 1112 831 1184; x_wconf 82' lang='lat' dir='ltr'><em>Picardo,</em></span> <span class='ocrx_word' id='word_1_49' title='bbox 846 1131 931 1187; x_wconf 83' lang='lat' dir='ltr'><strong><em>quem</em></strong></span> <span class='ocrx_word' id='word_1_50' title='bbox 943 1123 1025 1170; x_wconf 81' lang='lat' dir='ltr'><em>vocat</em></span> 
     </span>
     <span class='ocr_line' id='line_1_9' title="bbox 329 1192 1025 1269; baseline 0.001 -20"><span class='ocrx_word' id='word_1_51' title='bbox 329 1192 435 1250; x_wconf 86' lang='lat' dir='ltr'><em>Picam</em></span> <span class='ocrx_word' id='word_1_52' title='bbox 447 1192 615 1268; x_wconf 80' lang='lat' dir='ltr'><strong><em>garrulam,</em></strong></span> <span class='ocrx_word' id='word_1_53' title='bbox 631 1192 700 1269; x_wconf 87' lang='lat' dir='ltr'><em>quia</em></span> <span class='ocrx_word' id='word_1_54' title='bbox 713 1193 804 1250; x_wconf 84' lang='lat' dir='ltr'><em>nescit</em></span> <span class='ocrx_word' id='word_1_55' title='bbox 815 1192 886 1269; x_wconf 83' lang='lat' dir='ltr'><em>quid</em></span> <span class='ocrx_word' id='word_1_56' title='bbox 899 1193 979 1263; x_wconf 82' lang='lat' dir='ltr'><em>dicit,</em></span> <span class='ocrx_word' id='word_1_57' title='bbox 996 1204 1025 1250; x_wconf 86' lang='lat' dir='ltr'><em>et</em></span> 
     </span>
     <span class='ocr_line' id='line_1_10' title="bbox 329 1272 1025 1349; baseline 0.001 -21"><span class='ocrx_word' id='word_1_58' title='bbox 329 1272 449 1348; x_wconf 76' lang='lat' dir='ltr'><em>frangit</em></span> <span class='ocrx_word' id='word_1_59' title='bbox 466 1272 523 1329; x_wconf 83' lang='lat' dir='ltr'><em>sibi</em></span> <span class='ocrx_word' id='word_1_60' title='bbox 536 1272 627 1329; x_wconf 87' lang='lat' dir='ltr'><em>etiam</em></span> <span class='ocrx_word' id='word_1_61' title='bbox 641 1282 729 1349; x_wconf 79' lang='lat' dir='ltr'><em>caput</em></span> <span class='ocrx_word' id='word_1_62' title='bbox 741 1272 778 1330; x_wconf 81' lang='lat' dir='ltr'><em>de</em></span> <span class='ocrx_word' id='word_1_63' title='bbox 790 1272 932 1348; x_wconf 82' lang='lat' dir='ltr'><em>garrire:</em></span> <span class='ocrx_word' id='word_1_64' title='bbox 947 1282 976 1328; x_wconf 86' lang='lat' dir='ltr'><em>et</em></span> <span class='ocrx_word' id='word_1_65' title='bbox 988 1274 1025 1329; x_wconf 81' lang='lat' dir='ltr'><em>de</em></span> 
     </span>
     <span class='ocr_line' id='line_1_11' title="bbox 330 1351 1024 1428; baseline -0.001 -18"><span class='ocrx_word' id='word_1_66' title='bbox 330 1352 583 1411; x_wconf 81' lang='lat' dir='ltr'><em>illuminatissima</em></span> <span class='ocrx_word' id='word_1_67' title='bbox 614 1351 768 1428; x_wconf 77' lang='lat' dir='ltr'><em>Magistro</em></span> <span class='ocrx_word' id='word_1_68' title='bbox 799 1362 898 1409; x_wconf 88' lang='lat' dir='ltr'><em>nostro</em></span> <span class='ocrx_word' id='word_1_69' title='bbox 930 1352 1024 1409; x_wconf 79' lang='lat' dir='ltr'><em>Maii·</em></span> 
     </span>
     <span class='ocr_line' id='line_1_12' title="bbox 331 1431 1025 1508; baseline 0 -20"><span class='ocrx_word' id='word_1_70' title='bbox 331 1432 425 1503; x_wconf 84' lang='lat' dir='ltr'><em>lardo,</em></span> <span class='ocrx_word' id='word_1_71' title='bbox 453 1442 481 1489; x_wconf 81' lang='lat' dir='ltr'><em>et</em></span> <span class='ocrx_word' id='word_1_72' title='bbox 502 1441 607 1489; x_wconf 87' lang='lat' dir='ltr'><em>narrat</em></span> <span class='ocrx_word' id='word_1_73' title='bbox 631 1431 774 1507; x_wconf 84' lang='lat' dir='ltr'><em>quomodo</em></span> <span class='ocrx_word' id='word_1_74' title='bbox 796 1432 910 1508; x_wconf 83' lang='lat' dir='ltr'><em>quando</em></span> <span class='ocrx_word' id='word_1_75' title='bbox 934 1432 1025 1490; x_wconf 83' lang='lat' dir='ltr'><em>semei</em></span> 
     </span>
     <span class='ocr_line' id='line_1_13' title="bbox 330 1511 1025 1587; baseline 0 -18"><span class='ocrx_word' id='word_1_76' title='bbox 330 1522 427 1569; x_wconf 84' lang='lat' dir='ltr'><em>mater</em></span> <span class='ocrx_word' id='word_1_77' title='bbox 444 1521 546 1569; x_wconf 87' lang='lat' dir='ltr'><em>nostra</em></span> <span class='ocrx_word' id='word_1_78' title='bbox 564 1511 706 1569; x_wconf 80' lang='lat' dir='ltr'><em>Facultas</em></span> <span class='ocrx_word' id='word_1_79' title='bbox 720 1511 788 1587; x_wconf 81' lang='lat' dir='ltr'><em>suit</em></span> <span class='ocrx_word' id='word_1_80' title='bbox 806 1528 906 1569; x_wconf 86' lang='lat' dir='ltr'><em>coram</em></span> <span class='ocrx_word' id='word_1_81' title='bbox 927 1513 1025 1569; x_wconf 87' lang='lat' dir='ltr'><em>Fran·</em></span> 
     </span>
     <span class='ocr_line' id='line_1_14' title="bbox 329 1590 1020 1666; baseline 0 -17"><span class='ocrx_word' id='word_1_82' title='bbox 329 1592 407 1649; x_wconf 78' lang='lat' dir='ltr'><em>risco</em></span> <span class='ocrx_word' id='word_1_83' title='bbox 421 1608 502 1666; x_wconf 81' lang='lat' dir='ltr'><em>rege,</em></span> <span class='ocrx_word' id='word_1_84' title='bbox 520 1590 698 1649; x_wconf 80' lang='lat' dir='ltr'><em>Cardinaies</em></span> <span class='ocrx_word' id='word_1_85' title='bbox 712 1591 846 1648; x_wconf 79' lang='lat' dir='ltr'><em>ridebant</em></span> <span class='ocrx_word' id='word_1_86' title='bbox 863 1608 896 1649; x_wconf 83' lang='lat' dir='ltr'><em>se</em></span> <span class='ocrx_word' id='word_1_87' title='bbox 913 1591 950 1648; x_wconf 82' lang='lat' dir='ltr'><em>de</em></span> <span class='ocrx_word' id='word_1_88' title='bbox 969 1592 1020 1663; x_wconf 87' lang='lat' dir='ltr'><em>eis,</em></span> 
     </span>
     <span class='ocr_line' id='line_1_15' title="bbox 330 1669 1023 1745; baseline -0.001 -17"><span class='ocrx_word' id='word_1_89' title='bbox 330 1680 360 1729; x_wconf 85' lang='lat' dir='ltr'><em>et</em></span> <span class='ocrx_word' id='word_1_90' title='bbox 373 1670 526 1728; x_wconf 80' lang='lat' dir='ltr'><em>dicebant:</em></span> <span class='ocrx_word' id='word_1_91' title='bbox 550 1669 660 1741; x_wconf 80' lang='lat' dir='ltr'><em>Videte,</em></span> <span class='ocrx_word' id='word_1_92' title='bbox 677 1670 773 1728; x_wconf 81' lang='lat' dir='ltr'><em>ridete</em></span> <span class='ocrx_word' id='word_1_93' title='bbox 791 1669 933 1745; x_wconf 78' lang='lat' dir='ltr'><em>quomodo</em></span> <span class='ocrx_word' id='word_1_94' title='bbox 953 1672 1023 1728; x_wconf 90' lang='lat' dir='ltr'><em>Ma-</em></span> 
     </span>
     <span class='ocr_line' id='line_1_16' title="bbox 329 1749 1023 1827; baseline 0.003 -22"><span class='ocrx_word' id='word_1_95' title='bbox 329 1750 424 1827; x_wconf 81' lang='lat' dir='ltr'><em>gistri</em></span> <span class='ocrx_word' id='word_1_96' title='bbox 442 1749 536 1807; x_wconf 83' lang='lat' dir='ltr'><em>nostri</em></span> <span class='ocrx_word' id='word_1_97' title='bbox 554 1760 620 1808; x_wconf 86' lang='lat' dir='ltr'><em>sant</em></span> <span class='ocrx_word' id='word_1_98' title='bbox 641 1751 752 1808; x_wconf 90' lang='lat' dir='ltr'><em>mucosi</em></span> <span class='ocrx_word' id='word_1_99' title='bbox 773 1760 804 1808; x_wconf 85' lang='lat' dir='ltr'><em>et</em></span> <span class='ocrx_word' id='word_1_100' title='bbox 827 1749 931 1807; x_wconf 80' lang='lat' dir='ltr'><em>lutosi:</em></span> <span class='ocrx_word' id='word_1_101' title='bbox 951 1769 1023 1826; x_wconf 87' lang='lat' dir='ltr'><em>pro·</em></span> 
     </span>
     <span class='ocr_line' id='line_1_17' title="bbox 324 1830 1021 1907; baseline 0.001 -21"><span class='ocrx_word' id='word_1_102' title='bbox 324 1833 410 1907; x_wconf 84' lang='lat' dir='ltr'><em>fecto</em></span> <span class='ocrx_word' id='word_1_103' title='bbox 433 1830 494 1886; x_wconf 84' lang='lat' dir='ltr'><em>haec</em></span> <span class='ocrx_word' id='word_1_104' title='bbox 517 1839 563 1886; x_wconf 88' lang='lat' dir='ltr'><em>est</em></span> <span class='ocrx_word' id='word_1_105' title='bbox 586 1845 644 1885; x_wconf 88' lang='lat' dir='ltr'><em>una</em></span> <span class='ocrx_word' id='word_1_106' title='bbox 670 1830 816 1887; x_wconf 84' lang='lat' dir='ltr'><em>mirabilis</em></span> <span class='ocrx_word' id='word_1_107' title='bbox 841 1830 1021 1906; x_wconf 84' lang='lat' dir='ltr'><em>approbatio,</em></span> 
     </span>
     <span class='ocr_line' id='line_1_18' title="bbox 307 1909 1025 1986; baseline -0.003 -19"><span class='ocrx_word' id='word_1_108' title='bbox 307 1922 311 1928; x_wconf 89' lang='grc'><strong><em>’</em></strong></span> <span class='ocrx_word' id='word_1_109' title='bbox 330 1910 408 1986; x_wconf 84' lang='lat' dir='ltr'><em>quod</em></span> <span class='ocrx_word' id='word_1_110' title='bbox 420 1909 554 1968; x_wconf 88' lang='lat' dir='ltr'><em>Sorbona</em></span> <span class='ocrx_word' id='word_1_111' title='bbox 568 1927 624 1966; x_wconf 88' lang='lat' dir='ltr'><em>non</em></span> <span class='ocrx_word' id='word_1_112' title='bbox 642 1920 742 1986; x_wconf 88' lang='lat' dir='ltr'><em>potest</em></span> <span class='ocrx_word' id='word_1_113' title='bbox 764 1926 877 1969; x_wconf 85' lang='lat' dir='ltr'><em>errare.</em></span> <span class='ocrx_word' id='word_1_114' title='bbox 892 1911 936 1968; x_wconf 87' lang='lat' dir='ltr'><em>Et</em></span> <span class='ocrx_word' id='word_1_115' title='bbox 950 1910 1025 1984; x_wconf 83' lang='lat' dir='ltr'><em>quod</em></span> 
     </span>
     <span class='ocr_line' id='line_1_19' title="bbox 330 1989 1024 2066; baseline 0 -20"><span class='ocrx_word' id='word_1_116' title='bbox 330 2002 398 2046; x_wconf 88' lang='lat' dir='ltr'><em>tunc</em></span> <span class='ocrx_word' id='word_1_117' title='bbox 426 2006 501 2047; x_wconf 86' lang='lat' dir='ltr'><em>unus</em></span> <span class='ocrx_word' id='word_1_118' title='bbox 526 1989 649 2046; x_wconf 83' lang='lat' dir='ltr'><em>curialis</em></span> <span class='ocrx_word' id='word_1_119' title='bbox 674 1990 772 2047; x_wconf 85' lang='lat' dir='ltr'><em>rolens</em></span> <span class='ocrx_word' id='word_1_120' title='bbox 792 1992 901 2066; x_wconf 83' lang='lat' dir='ltr'><em>facere</em></span> <span class='ocrx_word' id='word_1_121' title='bbox 925 1989 1024 2046; x_wconf 83' lang='lat' dir='ltr'><em>ridere</em></span> 
     </span>
     <span class='ocr_line' id='line_1_20' title="bbox 329 2068 1022 2144; baseline -0.001 -18"><span class='ocrx_word' id='word_1_122' title='bbox 329 2069 415 2139; x_wconf 81' lang='lat' dir='ltr'><em>aiios,</em></span> <span class='ocrx_word' id='word_1_123' title='bbox 431 2068 565 2143; x_wconf 82' lang='lat' dir='ltr'><em>quasivit</em></span> <span class='ocrx_word' id='word_1_124' title='bbox 577 2068 695 2126; x_wconf 84' lang='lat' dir='ltr'><em>dicens:</em></span> <span class='ocrx_word' id='word_1_125' title='bbox 709 2069 773 2128; x_wconf 87' lang='lat' dir='ltr'><em>Car</em></span> <span class='ocrx_word' id='word_1_126' title='bbox 785 2086 929 2144; x_wconf 86' lang='lat' dir='ltr'><em>nunquam</em></span> <span class='ocrx_word' id='word_1_127' title='bbox 941 2086 1022 2144; x_wconf 87' lang='lat' dir='ltr'><em>opor·</em></span> 
     </span>
     <span class='ocr_line' id='line_1_21' title="bbox 330 2147 1024 2226; baseline 0 -22"><span class='ocrx_word' id='word_1_128' title='bbox 330 2158 371 2204; x_wconf 85' lang='lat' dir='ltr'><em>tet</em></span> <span class='ocrx_word' id='word_1_129' title='bbox 381 2147 479 2206; x_wconf 79' lang='lat' dir='ltr'><em>dicare</em></span> <span class='ocrx_word' id='word_1_130' title='bbox 485 2149 543 2218; x_wconf 85' lang='lat' dir='ltr'><em>Tu,</em></span> <span class='ocrx_word' id='word_1_131' title='bbox 556 2148 711 2226; x_wconf 76' lang='lat' dir='ltr'><em>magistris</em></span> <span class='ocrx_word' id='word_1_132' title='bbox 720 2148 837 2219; x_wconf 86' lang='lat' dir='ltr'><em>nostris,</em></span> <span class='ocrx_word' id='word_1_133' title='bbox 848 2148 901 2205; x_wconf 86' lang='lat' dir='ltr'><em>sed</em></span> <span class='ocrx_word' id='word_1_134' title='bbox 908 2165 1024 2224; x_wconf 81' lang='lat' dir='ltr'><em>semper</em></span> 
     </span>
    </p>
   </div>
   <div class='ocr_carea' id='block_1_3' title="bbox 322 2296 1026 3096">
    <p class='ocr_par' dir='ltr' id='par_1_3' title="bbox 322 2296 1026 3096">
     <span class='ocr_line' id='line_1_22' title="bbox 329 2296 1025 2356; baseline 0 -14"><span class='ocrx_word' id='word_1_135' title='bbox 329 2299 399 2355; x_wconf 87' lang='lat' dir='ltr'><strong>qu&#39;on</strong></span> <span class='ocrx_word' id='word_1_136' title='bbox 409 2296 449 2342; x_wconf 79' lang='lat' dir='ltr'><em>fait</em></span> <span class='ocrx_word' id='word_1_137' title='bbox 457 2298 485 2342; x_wconf 82' lang='lat' dir='ltr'><em>de</em></span> <span class='ocrx_word' id='word_1_138' title='bbox 496 2304 546 2342; x_wconf 87' lang='lat' dir='ltr'><em>tout</em></span> <span class='ocrx_word' id='word_1_139' title='bbox 556 2299 652 2356; x_wconf 69' lang='lat' dir='ltr'><em>tempti</em></span> <span class='ocrx_word' id='word_1_140' title='bbox 670 2298 795 2344; x_wconf 81' lang='lat' dir='ltr'><em>Messieurs</em></span> <span class='ocrx_word' id='word_1_141' title='bbox 807 2299 973 2347; x_wconf 70' lang='lat' dir='ltr'><em>Nos-Mataes.</em></span> <span class='ocrx_word' id='word_1_142' title='bbox 985 2312 1025 2343; x_wconf 83' lang='lat' dir='ltr'><em>sur</em></span> 
     </span>
     <span class='ocr_line' id='line_1_23' title="bbox 328 2359 1024 2417; baseline 0.001 -13"><span class='ocrx_word' id='word_1_143' title='bbox 328 2359 429 2404; x_wconf 73' lang='lat' dir='ltr'><em>ces-taine</em></span> <span class='ocrx_word' id='word_1_144' title='bbox 440 2361 591 2417; x_wconf 73' lang='lat' dir='ltr'><em>malproprett</em></span> <span class='ocrx_word' id='word_1_145' title='bbox 606 2359 662 2404; x_wconf 90' lang='lat' dir='ltr'><em>dont</em></span> <span class='ocrx_word' id='word_1_146' title='bbox 678 2360 706 2404; x_wconf 77' lang='lat' dir='ltr'><em>ils</em></span> <span class='ocrx_word' id='word_1_147' title='bbox 718 2367 759 2405; x_wconf 88' lang='lat' dir='ltr'><em>ont</em></span> <span class='ocrx_word' id='word_1_148' title='bbox 769 2373 799 2404; x_wconf 88' lang='lat' dir='ltr'><em>eu</em></span> <span class='ocrx_word' id='word_1_149' title='bbox 814 2361 872 2406; x_wconf 82' lang='lat' dir='ltr'>beau</span> <span class='ocrx_word' id='word_1_150' title='bbox 886 2359 952 2405; x_wconf 86' lang='lat' dir='ltr'><em>loisir</em></span> <span class='ocrx_word' id='word_1_151' title='bbox 964 2361 991 2405; x_wconf 85' lang='lat' dir='ltr'><em>de</em></span> <span class='ocrx_word' id='word_1_152' title='bbox 1000 2373 1024 2405; x_wconf 85' lang='lat' dir='ltr'><em>se</em></span> 
     </span>
     <span class='ocr_line' id='line_1_24' title="bbox 328 2421 1024 2478; baseline 0 -12"><span class='ocrx_word' id='word_1_153' title='bbox 328 2422 484 2478; x_wconf 60' lang='lat' dir='ltr'><em>corrigeros,</em></span> <span class='ocrx_word' id='word_1_154' title='bbox 496 2434 567 2478; x_wconf 83' lang='lat' dir='ltr'>voyez</span> <span class='ocrx_word' id='word_1_155' title='bbox 577 2421 597 2465; x_wconf 80' lang='lat' dir='ltr'><em>si</em></span> <span class='ocrx_word' id='word_1_156' title='bbox 605 2429 719 2478; x_wconf 85' lang='lat' dir='ltr'><em>pourtout</em></span> <span class='ocrx_word' id='word_1_157' title='bbox 725 2423 771 2467; x_wconf 83' lang='lat' dir='ltr'><em>cela</em></span> <span class='ocrx_word' id='word_1_158' title='bbox 778 2422 807 2466; x_wconf 85' lang='lat' dir='ltr'><em>ils</em></span> <span class='ocrx_word' id='word_1_159' title='bbox 819 2435 848 2467; x_wconf 85' lang='lat' dir='ltr'><em>en</em></span> <span class='ocrx_word' id='word_1_160' title='bbox 859 2429 911 2467; x_wconf 84' lang='lat' dir='ltr'><em>sont</em></span> <span class='ocrx_word' id='word_1_161' title='bbox 918 2423 941 2468; x_wconf 89' lang='lat' dir='ltr'><em>ni</em></span> <span class='ocrx_word' id='word_1_162' title='bbox 951 2424 1024 2466; x_wconf 87' lang='lat' dir='ltr'><em>moins</em></span> 
     </span>
     <span class='ocr_line' id='line_1_25' title="bbox 328 2482 1024 2542; baseline 0 -14"><span class='ocrx_word' id='word_1_163' title='bbox 328 2485 416 2528; x_wconf 70' lang='lat' dir='ltr'><em>crottis</em></span> <span class='ocrx_word' id='word_1_164' title='bbox 441 2483 464 2528; x_wconf 87' lang='lat' dir='ltr'><em>ni</em></span> <span class='ocrx_word' id='word_1_165' title='bbox 480 2482 554 2528; x_wconf 83' lang='lat' dir='ltr'><em>moins</em></span> <span class='ocrx_word' id='word_1_166' title='bbox 572 2495 691 2538; x_wconf 79' lang='lat' dir='ltr'><em>morveux,</em></span> <span class='ocrx_word' id='word_1_167' title='bbox 707 2490 730 2528; x_wconf 85' lang='lat' dir='ltr'><em>et</em></span> <span class='ocrx_word' id='word_1_168' title='bbox 743 2484 783 2529; x_wconf 84' lang='lat' dir='ltr'><em>des</em></span> <span class='ocrx_word' id='word_1_169' title='bbox 800 2497 855 2542; x_wconf 81' lang='lat' dir='ltr'><em>gens</em></span> <span class='ocrx_word' id='word_1_170' title='bbox 873 2483 893 2528; x_wconf 75' lang='lat' dir='ltr'><em>ni</em></span> <span class='ocrx_word' id='word_1_171' title='bbox 911 2491 1024 2528; x_wconf 69' lang='lat' dir='ltr'><em>constanti</em></span> 
     </span>
     <span class='ocr_line' id='line_1_26' title="bbox 328 2544 1024 2608; baseline 0 -19"><span class='ocrx_word' id='word_1_172' title='bbox 328 2547 387 2590; x_wconf 81' lang='lat' dir='ltr'><em>dant</em></span> <span class='ocrx_word' id='word_1_173' title='bbox 396 2545 459 2590; x_wconf 86' lang='lat' dir='ltr'><em>leurs</em></span> <span class='ocrx_word' id='word_1_174' title='bbox 474 2544 588 2602; x_wconf 82' lang='lat' dir='ltr'><em>principes</em></span> <span class='ocrx_word' id='word_1_175' title='bbox 602 2545 705 2588; x_wconf 66' lang='lat' dir='ltr'><em>nont-ils</em></span> <span class='ocrx_word' id='word_1_176' title='bbox 721 2558 762 2602; x_wconf 82' lang='lat' dir='ltr'><em>pas</em></span> <span class='ocrx_word' id='word_1_177' title='bbox 773 2546 851 2590; x_wconf 82' lang='lat' dir='ltr'><em>raison</em></span> <span class='ocrx_word' id='word_1_178' title='bbox 866 2546 895 2590; x_wconf 84' lang='lat' dir='ltr'><em>de</em></span> <span class='ocrx_word' id='word_1_179' title='bbox 906 2545 1024 2608; x_wconf 61' lang='lat' dir='ltr'><em>pretertdre</em></span> 
     </span>
     <span class='ocr_line' id='line_1_27' title="bbox 328 2605 1024 2664; baseline 0 -12"><span class='ocrx_word' id='word_1_180' title='bbox 328 2619 358 2652; x_wconf 82' lang='lat' dir='ltr'><em>ne</em></span> <span class='ocrx_word' id='word_1_181' title='bbox 370 2606 469 2664; x_wconf 85' lang='lat' dir='ltr'><em>pouvoir</em></span> <span class='ocrx_word' id='word_1_182' title='bbox 477 2605 555 2651; x_wconf 83' lang='lat' dir='ltr'><em>erres?</em></span> <span class='ocrx_word' id='word_1_183' title='bbox 568 2605 671 2652; x_wconf 82' lang='lat' dir='ltr'><em>Gerhard</em></span> <span class='ocrx_word' id='word_1_184' title='bbox 681 2606 844 2664; x_wconf 80' lang='lat' dir='ltr'><em>schirruglius,</em></span> <span class='ocrx_word' id='word_1_185' title='bbox 854 2607 910 2652; x_wconf 81' lang='lat' dir='ltr'><em>dans</em></span> <span class='ocrx_word' id='word_1_186' title='bbox 926 2608 958 2650; x_wconf 88' lang='lat' dir='ltr'><em>les</em></span> <span class='ocrx_word' id='word_1_187' title='bbox 971 2609 1024 2664; x_wconf 81' lang='grc' dir='ltr'>Ερῑ-</span> 
     </span>
     <span class='ocr_line' id='line_1_28' title="bbox 327 2654 1025 2726; baseline -0.001 -12"><span class='ocrx_word' id='word_1_188' title='bbox 327 2677 377 2714; x_wconf 83' lang='lat' dir='ltr'><em>tres</em></span> <span class='ocrx_word' id='word_1_189' title='bbox 392 2668 459 2713; x_wconf 81' lang='lat' dir='ltr'><em>oosc.</em></span> <span class='ocrx_word' id='word_1_190' title='bbox 479 2668 568 2725; x_wconf 83' lang='lat' dir='ltr'><em>Viror.‚</em></span> <span class='ocrx_word' id='word_1_191' title='bbox 580 2654 658 2724; x_wconf 60' lang='lat' dir='ltr'><em>lipare</em></span> <span class='ocrx_word' id='word_1_192' title='bbox 678 2680 722 2712; x_wconf 80' lang='lat'><em>22:</em></span> <span class='ocrx_word' id='word_1_193' title='bbox 739 2669 860 2723; x_wconf 68' lang='lat' dir='ltr'><em>Troiades,</em></span> <span class='ocrx_word' id='word_1_194' title='bbox 877 2668 945 2723; x_wconf 88' lang='lat' dir='ltr'><em>dit-il,</em></span> <span class='ocrx_word' id='word_1_195' title='bbox 961 2669 1025 2726; x_wconf 83' lang='lat' dir='ltr'><em>quod</em></span> 
     </span>
     <span class='ocr_line' id='line_1_29' title="bbox 332 2729 1025 2789; baseline 0 -14"><span class='ocrx_word' id='word_1_196' title='bbox 332 2729 486 2776; x_wconf 78' lang='lat' dir='ltr'><em>Universitas</em></span> <span class='ocrx_word' id='word_1_197' title='bbox 503 2730 693 2786; x_wconf 69' lang='lat' dir='ltr'><em>Parrttstrmts,</em></span> <span class='ocrx_word' id='word_1_198' title='bbox 704 2731 745 2775; x_wconf 82' lang='lat' dir='ltr'><em>ubi</em></span> <span class='ocrx_word' id='word_1_199' title='bbox 756 2735 815 2774; x_wconf 82' lang='lat' dir='ltr'><em>sant</em></span> <span class='ocrx_word' id='word_1_200' title='bbox 836 2730 952 2789; x_wconf 73' lang='lat' dir='ltr'><em>Theologr&#39;</em></span> <span class='ocrx_word' id='word_1_201' title='bbox 962 2744 1025 2788; x_wconf 83' lang='lat' dir='ltr'><em>pro-</em></span> 
     </span>
     <span class='ocr_line' id='line_1_30' title="bbox 322 2791 1026 2850; baseline 0.003 -14"><span class='ocrx_word' id='word_1_202' title='bbox 322 2791 474 2850; x_wconf 81' lang='lat' dir='ltr'><em>fundissimi</em></span> <span class='ocrx_word' id='word_1_203' title='bbox 481 2797 506 2836; x_wconf 88' lang='lat' dir='ltr'><em>et</em></span> <span class='ocrx_word' id='word_1_204' title='bbox 513 2792 593 2847; x_wconf 61' lang='lat' dir='ltr'><em>setosi,</em></span> <span class='ocrx_word' id='word_1_205' title='bbox 603 2797 627 2836; x_wconf 83' lang='lat' dir='ltr'><em>et</em></span> <span class='ocrx_word' id='word_1_206' title='bbox 635 2791 680 2848; x_wconf 80' lang='lat' dir='ltr'><em>qui</em></span> <span class='ocrx_word' id='word_1_207' title='bbox 688 2796 844 2849; x_wconf 72' lang='lat' dir='ltr'><em>nonpossint</em></span> <span class='ocrx_word' id='word_1_208' title='bbox 852 2803 945 2847; x_wconf 88' lang='lat' dir='ltr'><em>errare,</em></span> <span class='ocrx_word' id='word_1_209' title='bbox 953 2793 1026 2838; x_wconf 83' lang='lat' dir='ltr'><em>etiam</em></span> 
     </span>
     <span class='ocr_line' id='line_1_31' title="bbox 324 2854 1026 2913; baseline 0.001 -14"><span class='ocrx_word' id='word_1_210' title='bbox 324 2855 505 2913; x_wconf 77' lang='lat' dir='ltr'><em>judicaverant</em></span> <span class='ocrx_word' id='word_1_211' title='bbox 517 2854 554 2898; x_wconf 85' lang='lat' dir='ltr'><em>ita</em></span> <span class='ocrx_word' id='word_1_212' title='bbox 569 2854 633 2899; x_wconf 82' lang='lat' dir='ltr'><em>sicut</em></span> <span class='ocrx_word' id='word_1_213' title='bbox 645 2854 805 2899; x_wconf 77' lang='lat' dir='ltr'><em>coloniensis.</em></span> <span class='ocrx_word' id='word_1_214' title='bbox 823 2854 861 2898; x_wconf 89' lang='lat' dir='ltr'><em>Du</em></span> <span class='ocrx_word' id='word_1_215' title='bbox 877 2861 937 2898; x_wconf 83' lang='lat' dir='ltr'><em>reste</em></span> <span class='ocrx_word' id='word_1_216' title='bbox 948 2855 964 2898; x_wconf 87' lang='lat' dir='ltr'><em>il</em></span> <span class='ocrx_word' id='word_1_217' title='bbox 980 2869 995 2913; x_wconf 84' lang='lat' dir='ltr'>y</span> <span class='ocrx_word' id='word_1_218' title='bbox 1012 2869 1026 2900; x_wconf 84' lang='lat' dir='ltr'><em>a</em></span> 
     </span>
     <span class='ocr_line' id='line_1_32' title="bbox 328 2915 1025 2973; baseline 0 -12"><span class='ocrx_word' id='word_1_219' title='bbox 328 2916 382 2962; x_wconf 83' lang='lat' dir='ltr'><em>bien</em></span> <span class='ocrx_word' id='word_1_220' title='bbox 395 2916 422 2960; x_wconf 84' lang='lat' dir='ltr'><em>de</em></span> <span class='ocrx_word' id='word_1_221' title='bbox 432 2916 571 2973; x_wconf 79' lang='lat' dir='ltr'><em>l’apparence</em></span> <span class='ocrx_word' id='word_1_222' title='bbox 583 2915 783 2972; x_wconf 82' lang='lat' dir='ltr'><em>qu&#39;effectivement</em></span> <span class='ocrx_word' id='word_1_223' title='bbox 791 2916 813 2960; x_wconf 90' lang='lat' dir='ltr'><em>la</em></span> <span class='ocrx_word' id='word_1_224' title='bbox 828 2915 945 2960; x_wconf 86' lang='lat' dir='ltr'><em>Sotbonne</em></span> <span class='ocrx_word' id='word_1_225' title='bbox 958 2931 981 2960; x_wconf 89' lang='lat' dir='ltr'><em>se</em></span> <span class='ocrx_word' id='word_1_226' title='bbox 991 2918 1025 2961; x_wconf 91' lang='lat' dir='ltr'><em>di·</em></span> 
     </span>
     <span class='ocr_line' id='line_1_33' title="bbox 328 2976 1023 3036; baseline -0.003 -13"><span class='ocrx_word' id='word_1_227' title='bbox 328 2978 375 3023; x_wconf 81' lang='lat' dir='ltr'><em>sait</em></span> <span class='ocrx_word' id='word_1_228' title='bbox 383 2976 500 3023; x_wconf 71' lang='lat' dir='ltr'><em>instillible</em></span> <span class='ocrx_word' id='word_1_229' title='bbox 510 2977 565 3022; x_wconf 81' lang='lat' dir='ltr'><em>dans</em></span> <span class='ocrx_word' id='word_1_230' title='bbox 577 2989 614 3021; x_wconf 85' lang='lat' dir='ltr'><em>ses</em></span> <span class='ocrx_word' id='word_1_231' title='bbox 632 2978 735 3033; x_wconf 66' lang='lat' dir='ltr'><em>Dici-ets,</em></span> <span class='ocrx_word' id='word_1_232' title='bbox 746 2977 841 3036; x_wconf 70' lang='lat' dir='ltr'><em>putaque</em></span> <span class='ocrx_word' id='word_1_233' title='bbox 858 2977 953 3023; x_wconf 80' lang='lat' dir='ltr'><em>d‘autres</em></span> <span class='ocrx_word' id='word_1_234' title='bbox 966 2979 1023 3024; x_wconf 87' lang='lat' dir='ltr'><em>Uni-</em></span> 
     </span>
     <span class='ocr_line' id='line_1_34' title="bbox 328 3037 754 3096; baseline -0.002 -12"><span class='ocrx_word' id='word_1_235' title='bbox 328 3038 427 3084; x_wconf 70' lang='lat' dir='ltr'><em>versttts</em></span> <span class='ocrx_word' id='word_1_236' title='bbox 436 3039 468 3084; x_wconf 89' lang='lat' dir='ltr'><em>lui</em></span> <span class='ocrx_word' id='word_1_237' title='bbox 478 3037 592 3096; x_wconf 80' lang='lat' dir='ltr'><em>passaient</em></span> <span class='ocrx_word' id='word_1_238' title='bbox 601 3037 626 3084; x_wconf 79' lang='lat' dir='ltr'><em>oe</em></span> <span class='ocrx_word' id='word_1_239' title='bbox 635 3038 754 3096; x_wconf 74' lang='lat' dir='ltr'><em>privilege.</em></span> 
     </span>
    </p>
   </div>
   <div class='ocr_carea' id='block_1_4' title="bbox 0 0 1354 3800">
    <p class='ocr_par' dir='ltr' id='par_1_4' title="bbox 0 0 1354 3800">
     <span class='ocr_line' id='line_1_35' title="bbox 0 0 1354 3800; baseline 0 0"><span class='ocrx_word' id='word_1_240' title='bbox 0 0 1354 3800; x_wconf 95' lang='lat' dir='ltr'><em> </em></span> 
     </span>
    </p>
   </div>
  </div>
 </body>
</html>
