2700 3800
578 519 613 557 os
634 501 799 558 Pnssnvnns
979 500 1028 573 ¹93

346 626 382 681 de
407 643 464 699 qua
490 624 617 699 loquitur
638 623 758 679 Paulus.
774 623 834 679 Sed
849 633 878 678 tu
903 639 934 679 es
957 639 1030 678 unus

345 706 465 775 stultus,
490 704 540 777 qui
563 712 653 778 putas
679 701 792 776 quando
824 701 969 777 loquimur
995 701 1031 756 de

346 782 518 858 Evangelio,
536 782 611 856 quod
623 799 676 837 non
691 780 878 855 loquimurde
888 780 1031 855 Epistolit

346 862 451 918 Pauli:
465 860 541 934 quod
563 862 590 917 si
612 860 720 916 uiueret
738 860 856 926 Paulus,
883 861 943 934 ipse
964 859 1032 914 bene

348 942 399 996 tibi
409 940 580 1008 ostenderet,
589 939 663 1014 quod
672 956 726 996 sua
737 938 869 994 doctrina
879 950 922 996 est
931 939 1031 995 Evan-

346 1020 467 1095 geiium,
484 1029 512 1074 et
524 1018 721 1093 alloqueretur
742 1017 810 1072 bene
828 1028 907 1073 tuam
930 1017 1031 1073 barre·

347 1108 415 1154 tam.
432 1100 475 1153 Et
489 1098 531 1153 ita
547 1102 576 1151 tu
596 1114 650 1152 non
671 1096 814 1171 intelligis
827 1097 896 1170 quid
908 1096 948 1152 sit
965 1113 1031 1152 con-

346 1177 473 1245 suetudo,
490 1171 603 1250 quando
627 1184 657 1230 tu
679 1192 733 1230 non
756 1176 891 1231 extendis
914 1174 971 1231 nisi
991 1176 1030 1230 ad

348 1257 441 1333 legem
465 1272 520 1311 non
541 1255 680 1329 scriptam
692 1274 700 1308 :
713 1253 782 1327 quia
806 1254 974 1310 extenditur
991 1253 1030 1309 ad

347 1351 459 1391 omnem
475 1334 590 1389 modum
598 1332 743 1408 faciendi,
766 1332 826 1387 siue
837 1333 878 1388 sit
894 1334 1027 1408 scriptus,

347 1414 404 1469 siue
416 1430 481 1481 non,
498 1422 530 1467 ut
541 1422 622 1486 patet
630 1429 687 1486 per
699 1411 884 1485 supradicta:
904 1421 932 1467 et
941 1412 1030 1487 pueri

324 1491 450 1547 ‘schola
462 1490 562 1559 sciunt,
578 1491 628 1565 qui
647 1506 790 1564 nunquam
811 1489 983 1545 studuerunt
1001 1489 1029 1544 in

342 1572 410 1643 jure
433 1570 576 1625 canonico.
601 1569 660 1625 Sed
682 1568 757 1641 quod
771 1578 882 1642 spectat
897 1569 936 1624 ad
949 1586 1029 1624 cere·

347 1648 458 1704 manias
471 1648 626 1721 Baptismi,
645 1647 702 1722 ipsi
720 1647 818 1702 dieunt
836 1648 886 1714 sic,
903 1647 1030 1703 Domine

346 1726 638 1802 Nuper-Prasidens,
656 1743 707 1781 nos
729 1726 772 1783 sic
793 1727 971 1798 arguimus:
994 1726 1029 1783 Si

347 1807 410 1863 istae
423 1805 640 1861 eonsuetudines
667 1814 734 1860 sunt
759 1805 960 1872 immutabiles,
977 1823 1030 1861 cur

346 1895 411 1942 sunt
432 1886 578 1941 mutatae?
592 1903 658 1940 nam
683 1902 737 1940 non
764 1884 837 1941 solet
848 1886 1030 1960 praegustari

347 1967 429 2022 tactis
439 1975 468 2020 et
482 1964 575 2021 meliis
588 1963 740 2020 concordia
755 1965 783 2019 in
797 1964 969 2038 Baptismo:
983 1965 1028 2021 sin

345 2055 442 2100 autem
465 2043 627 2110 mutabiles,
649 2060 702 2098 cur
720 2060 774 2099 non
799 2043 908 2100 auditis
926 2060 1029 2101 causas

343 2133 463 2198 propter
477 2140 548 2197 quas
571 2124 786 2192 mutaverimus,
811 2132 839 2177 et
857 2141 911 2178 non
923 2123 1029 2197 jacitis

345 2204 402 2260 nisi
412 2202 550 2271 ciamare,
565 2218 616 2256 nos
630 2211 812 2256 contemnere
822 2202 947 2257 Patrum
962 2220 1028 2258 con·

344 2280 533 2337 suetudines?
546 2281 605 2337 Sed
623 2280 721 2335 dicunt
741 2279 806 2335 isti:
823 2280 919 2337 Citius
932 2281 1028 2336 trahe-

345 2377 444 2415 remus
462 2375 550 2413 unum
575 2359 717 2432 crepitum
733 2375 773 2413 ex
787 2376 842 2414 uno
856 2359 936 2414 asino
951 2376 1028 2414 mor-

346 2449 402 2506 tuo,
420 2455 505 2511 quam
520 2455 606 2507 unam
631 2438 732 2492 bonam
754 2438 895 2494 rationem
916 2437 954 2493 ab
974 2437 1028 2494 isto

345 2517 631 2574 MutoPraesidente.

379 2835 422 2888 Et
446 2833 487 2886 ita
498 2831 571 2907 finit
593 2847 759 2904 responsum
783 2830 821 2886 ad
841 2839 967 2886 uestrum
981 2849 1027 2889 se-

344 2913 467 2966 cundum
488 2909 602 2981 librum.
627 2911 709 2965 Nam
734 2908 888 2966 secundum
905 2909 1027 2983 Capitu-

345 2991 405 3046 lum
426 2990 505 3047 ittins
525 2989 580 3062 (sie
596 2988 694 3044 dicunt
714 2987 856 3054 haretici)
874 2997 917 3044 est
937 2998 1027 3045 totum

929 3114 954 3158 ι7
