2700 3800
504 533 540 570 ne
560 516 727 572 Psssnvnnr
928 514 963 588 95

266 637 322 695 sed
350 646 447 695 mente
466 637 616 695 colendum
640 638 717 714 qnod
738 646 967 715 reprasentatur

265 734 401 794 pereas,
421 726 489 773 sunt
501 718 590 793 sacta
610 727 712 775 contra
732 717 966 774 consuetudinem

267 798 401 872 antiqua
418 807 448 853 et
464 797 627 872 primitiva
649 797 801 867 Ecclesia,
818 806 848 854 et
865 806 967 854 contra

267 877 480 934 authoritatem
507 880 626 936 Sancta
655 877 831 952 Scriptura,
859 886 888 933 et
910 894 966 952 per

268 973 444 1032 consequens
458 958 555 1013 omnia
570 957 628 1014 ista
637 966 705 1014 sunt
719 957 782 1032 ipso
789 958 861 1031 jure
872 956 964 1017 nulla.

267 1038 313 1095 Et
326 1036 396 1113 quia
415 1036 496 1093 mala
508 1036 574 1113 fide
597 1045 664 1094 sunt
678 1037 767 1112 sacta
785 1038 843 1093 ista
855 1036 962 1107 omnia,

266 1116 456 1193 prascriptio
471 1134 526 1173 non
541 1116 646 1173 currit.
661 1115 965 1191 Quianunquamsuit

266 1206 441 1274 purgatum,
471 1213 562 1270 neque
583 1196 684 1271 potuit
703 1195 837 1273 purgari
862 1195 964 1251 uitium

269 1277 359 1332 maloe
368 1275 454 1352 fidei,
466 1274 651 1351 persistendo
665 1274 694 1331 in
711 1273 775 1350 ipsa
794 1274 965 1349 usurpativa

264 1355 458 1431 possessione,
484 1354 548 1412 sine
565 1355 627 1411 ullo
648 1354 741 1411 titulo.
764 1355 808 1410 Et
829 1355 906 1428 qnod
923 1354 965 1411 ita

268 1436 318 1504 sit,
338 1435 447 1496 scimus
469 1435 611 1509 quomodo
631 1435 717 1508 Papa
730 1451 788 1509 per
807 1433 881 1490 hunc
902 1449 964 1490 mo-

268 1514 340 1570 dum
374 1513 528 1571 subtraxit
563 1513 685 1570 Italiam
713 1513 904 1589 Imperatori,
935 1523 965 1571 et

268 1593 459 1669 dissipaverit
481 1594 643 1669 Imperium
661 1595 827 1650 Romanum
847 1594 960 1664 induo,

268 1683 299 1731 et
323 1673 426 1749 suerit
451 1673 557 1730 author
585 1673 747 1750 parricidii
780 1672 965 1731 Constantini

268 1753 359 1824 sexti,
376 1752 451 1810 adeo
464 1762 528 1809 erat
542 1753 655 1827 zelosus
668 1754 753 1828 Papa
766 1755 925 1824 Romanus,
936 1762 964 1810 et

267 1834 342 1890 adeo
354 1843 421 1890 erat
425 1832 604 1910 fidelissima
615 1842 644 1888 et
660 1832 900 1891 catholicissima
912 1832 964 1888 illa

267 1915 365 1983 Irene,
382 1931 447 1989 qua
452 1913 521 1989 suit
526 1913 654 1987 fautrix
667 1923 696 1969 et
709 1913 849 1987 adjutrix
857 1912 963 1988 prali-

269 1993 330 2050 bati
343 1992 520 2050 Antichristi
537 1993 566 2048 in
582 1993 648 2050 istis
665 1991 853 2049 horribilibus
871 1992 963 2050 scele-

269 2073 361 2130 ribus.
384 2071 467 2130 Unde
487 2081 612 2148 apparet
630 2088 649 2128 a
669 2089 726 2147 quo
745 2071 875 2129 uenerint
894 2071 960 2143 ista,

267 2153 379 2210 scilicet
391 2151 429 2208 ab
442 2169 475 2208 eo
487 2151 610 2226 quisuit
624 2151 768 2209 homicida
778 2168 798 2208 a
807 2151 960 2228 principio,

268 2243 297 2290 et
308 2232 405 2289 adhuc
418 2248 493 2287 nunc
504 2241 617 2287 eructat
626 2249 695 2288 suas
708 2232 901 2308 blasphemias
906 2248 962 2307 per

266 2329 300 2371 os
313 2310 459 2388 soetidum
479 2310 602 2367 Domini
618 2311 854 2382 Nunc-Abbatis,
872 2321 900 2367 et
919 2311 962 2369 si-

266 2392 386 2450 milium
400 2390 612 2466 mancipiorum
626 2390 812 2448 Antichristi.

301 2473 429 2528 Restant
444 2479 554 2526 tantum
576 2470 719 2541 Hnssitae‚
740 2470 879 2528 aduersus
892 2486 962 2545 quos

265 2550 414 2608 Dominus
427 2549 717 2626 Nuper-Prasidens
731 2550 844 2628 allegat
856 2551 961 2607 Conci-

266 2631 340 2687 lium
376 2629 604 2700 Constantiense,
636 2629 672 2685 de
696 2647 751 2705 quo
775 2647 808 2687 se
838 2629 962 2707 irrident

264 2711 363 2767 adhuc
381 2710 478 2786 pueri.
511 2710 590 2780 Quia
611 2710 707 2766 nullus
729 2711 835 2785 estqui
853 2710 962 2777 nesciat

264 2789 411 2866 quomodo
425 2789 524 2865 fuerit
546 2789 586 2845 ibi
600 2799 783 2867 congregata
806 2806 863 2846 una
877 2789 961 2846 turba

263 2871 417 2929 asinorum
436 2871 534 2945 potins
558 2887 645 2945 quam
671 2870 827 2940 hominnm,
843 2870 894 2945 qui
903 2886 967 2945 pro.

263 2950 348 3009 omni
380 2960 555 3027 argumento
591 2949 751 3006 attulerunt
782 2949 957 3024 fasciculos,

262 3031 369 3107 quibus
377 3030 483 3087 lucrati
496 3039 561 3088 sunt
575 3046 694 3088 causam
705 3046 788 3087 suam
805 3030 901 3087 :siant
910 3047 960 3105 ap·
