2700 3800
589 557 624 594 ns
646 541 811 601 Pusssvnns
920 558 925 571 ·
971 546 1022 616 189

333 673 392 731 que
416 659 498 714 testis
520 662 674 733 perjurus,
704 674 731 717 et
756 666 1023 721 excommunicatus

331 747 390 810 per
401 737 535 811 compita.
554 741 627 794 sicut
642 742 792 817 Magister
812 754 908 798 noster
930 744 1022 799 Mall-

336 814 438 870 lardus
452 834 516 871 cum
527 836 582 875 sua
589 820 674 894 facie
687 822 820 876 radiante
844 841 885 877 ex
909 824 1022 898 Spiritu

336 893 476 969 lagena:
498 914 587 971 neque
608 916 681 954 unus
709 900 828 956 rabidus
853 902 1019 965 cholericus,

334 970 410 1028 sicut
434 974 585 1049 Magister
608 987 706 1033 noster
728 978 903 1036 Picordus:
935 997 1024 1054 neque

335 1068 408 1107 unus
422 1051 510 1108 bonus
522 1055 629 1122 asinus,
647 1075 737 1131 neque
755 1075 827 1114 unus
833 1058 905 1133 finis
919 1058 947 1113 in
960 1076 1023 1113 tna·

334 1129 418 1185 teriis
433 1129 697 1205 beneficialissimis.
713 1137 756 1192 Et
776 1153 863 1210 super
882 1136 935 1191 ltoc
955 1137 1024 1192 bene

333 1217 401 1263 sunt
417 1217 518 1277 tecum,
531 1213 607 1284 quod
620 1222 650 1267 tu
659 1214 772 1286 fateris
783 1215 857 1288 quod
870 1214 945 1270 inter
954 1215 1022 1271 istos

334 1286 466 1344 doctores
489 1299 533 1344 est
559 1308 635 1365 sape
661 1310 772 1367 magna
792 1293 957 1368 differentia
971 1313 980 1346 :
996 1300 1024 1347 et

335 1365 426 1424 eliam
445 1366 498 1423 hoc
518 1368 638 1434 addunt,
663 1371 739 1444 quod
765 1371 833 1426 bene
854 1382 975 1447 apparet
995 1372 1023 1426 in

334 1445 388 1502 ltoc
409 1445 485 1519 qnod
510 1446 591 1503 nulla
611 1459 654 1506 est
680 1449 788 1523 opinio,
809 1452 891 1522 cujus
909 1468 972 1524 pro,
996 1459 1024 1505 et

333 1531 437 1579 contra
455 1543 509 1581 non
530 1527 623 1601 possit
638 1528 762 1584 inveniri
787 1530 815 1584 in
838 1530 1020 1586 Doctoribus.

326 1604 378 1661 ‘Et
393 1602 458 1659 ideo
471 1622 526 1660 non
541 1616 607 1661 erat
619 1607 773 1664 necessitas
784 1618 851 1662 nttu
864 1608 1023 1663 adduceres

333 1680 455 1737 stultam
472 1683 741 1759 interpretationem
758 1686 926 1743 Cassiodori
936 1703 1023 1761 super

333 1760 385 1815 illo
393 1760 530 1818 Danielis
542 1781 580 1818 12
593 1784 602 1819 :
615 1764 703 1819 Multi
716 1764 900 1820 transibunt:
912 1764 1021 1820 etstul·

335 1848 396 1896 tam
411 1839 586 1918 allegoriam
603 1843 745 1919 Gregorii
759 1844 787 1896 in
797 1843 950 1917 pastorali,
965 1859 1022 1917 qua

335 1917 397 1993 ipse
418 1921 549 1995 corrupit
563 1921 654 1976 locum
671 1922 771 1977 illum:
786 1923 948 1976 Secuerunt
962 1921 1020 1976 Ga·

334 1996 400 2053 laad
414 1999 451 2053 ad
466 1999 648 2056 dilatandum
659 1999 821 2057 terminum
835 2016 938 2054 suum:
952 1999 1020 2073 quia

334 2076 403 2132 bene
421 2088 521 2151 posset
547 2079 607 2135 dici
626 2078 772 2153 Gregorio
791 2077 826 2132 de
846 2077 972 2133 hocloco
991 2086 1021 2132 et

332 2155 402 2212 aliis
423 2156 568 2230 pluribus,
591 2157 666 2232 quod
692 2159 753 2213 hac
779 2156 871 2212 cauda
896 2173 950 2232 non
977 2165 1021 2212 est

332 2235 419 2309 hujus
433 2234 527 2291 vituli.
543 2237 586 2292 Et
599 2236 699 2291 dicunt
712 2235 811 2302 etiam,
822 2234 896 2308 quod
908 2250 957 2289 nos
971 2251 1020 2288 ac·

332 2313 450 2388 cipiatis
467 2331 525 2387 pro
538 2315 616 2371 vobis
632 2313 703 2388 ipsis
724 2314 822 2368 omnia
847 2330 911 2386 quie
924 2311 1020 2368 dicitis

333 2402 506 2460 contraeas,
524 2393 592 2467 quio
614 2410 663 2448 ros
684 2393 753 2448 estis
767 2391 815 2464 qni
827 2391 1020 2445 condemnatis

333 2472 407 2527 dona
421 2470 500 2526 dicta
514 2472 647 2538 Petrum,
656 2480 686 2525 et
699 2469 886 2543 corrumpitis
892 2485 928 2524 ea
934 2485 1020 2542 quan-

332 2559 393 2605 tum
413 2549 537 2624 potestis
554 2550 653 2605 :sicut
671 2550 811 2621 fecerunt
830 2564 972 2621 apparere
991 2547 1019 2601 in

331 2627 417 2684 libris
431 2628 534 2701 quibus
548 2638 592 2683 est
602 2628 704 2701 plenus
718 2635 792 2680 totus
803 2625 932 2692 mundus,
944 2625 1020 2680 sicut

331 2707 423 2764 etiam
450 2706 638 2780 corrumpitis
664 2712 794 2761 sanctam
819 2702 1015 2776 scripturam,

331 2785 446 2860 quando
459 2783 690 2859 adprobandum
709 2781 783 2854 quod
798 2781 941 2857 fugiendi
954 2793 1019 2838 sunt

329 2864 471 2932 ltaeretici,
503 2875 531 2918 tu
554 2862 673 2918 adducis
702 2861 784 2914 illum
811 2860 848 2916 loc

329 2955 432 2999 sancto
456 2956 573 2998 sanctus
595 2941 660 3006 eris,
685 2939 734 3012 qui
751 2938 824 2995 niliil

326 3023 519 3097 propositum.
