<?xml version="1.0" encoding="UTF-8"?>
<!DOCTYPE html PUBLIC "-//W3C//DTD XHTML 1.0 Transitional//EN"
    "http://www.w3.org/TR/xhtml1/DTD/xhtml1-transitional.dtd">
<html xmlns="http://www.w3.org/1999/xhtml" xml:lang="en" lang="en">
 <head>
  <title>
</title>
<meta http-equiv="Content-Type" content="text/html;charset=utf-8" />
  <meta name='ocr-system' content='tesseract 3.04.00' />
  <meta name='ocr-capabilities' content='ocr_page ocr_carea ocr_par ocr_line ocrx_word'/>
</head>
<body>
  <div class='ocr_page' id='page_1' title='image "./lepassavantdeth00goog_0030.png"; bbox 0 0 2700 3800; ppageno 0'>
   <div class='ocr_carea' id='block_1_1' title="bbox 498 518 949 577">
    <p class='ocr_par' dir='ltr' id='par_1_1' title="bbox 498 518 949 577">
     <span class='ocr_line' id='line_1_1' title="bbox 498 518 949 577; baseline 0.002 -1"><span class='ocrx_word' id='word_1_1' title='bbox 498 538 534 576; x_wconf 79' lang='lat' dir='ltr'><em>ns</em></span> <span class='ocrx_word' id='word_1_2' title='bbox 554 518 720 577; x_wconf 75' lang='lat' dir='ltr'><em>Passnvaan</em></span> <span class='ocrx_word' id='word_1_3' title='bbox 919 520 949 577; x_wconf 81' lang='lat'><em>13</em></span> 
     </span>
    </p>
   </div>
   <div class='ocr_carea' id='block_1_2' title="bbox 249 643 953 2058">
    <p class='ocr_par' dir='ltr' id='par_1_2' title="bbox 249 643 953 2058">
     <span class='ocr_line' id='line_1_2' title="bbox 260 643 952 720; baseline -0.007 -17"><span class='ocrx_word' id='word_1_4' title='bbox 260 644 425 703; x_wconf 74' lang='lat' dir='ltr'><em>hereticus.</em></span> <span class='ocrx_word' id='word_1_5' title='bbox 440 644 483 701; x_wconf 90' lang='lat' dir='ltr'><em>Et</em></span> <span class='ocrx_word' id='word_1_6' title='bbox 498 644 566 720; x_wconf 86' lang='lat' dir='ltr'><em>qnia</em></span> <span class='ocrx_word' id='word_1_7' title='bbox 581 661 634 700; x_wconf 88' lang='lat' dir='ltr'><em>non</em></span> <span class='ocrx_word' id='word_1_8' title='bbox 649 652 747 719; x_wconf 90' lang='lat' dir='ltr'><em>potest</em></span> <span class='ocrx_word' id='word_1_9' title='bbox 761 660 823 700; x_wconf 89' lang='lat' dir='ltr'><em>esse</em></span> <span class='ocrx_word' id='word_1_10' title='bbox 843 643 952 700; x_wconf 88' lang='lat' dir='ltr'><em>Cardi-</em></span> 
     </span>
     <span class='ocr_line' id='line_1_3' title="bbox 260 723 953 799; baseline -0.006 -16"><span class='ocrx_word' id='word_1_11' title='bbox 260 726 347 796; x_wconf 91' lang='lat' dir='ltr'><em>nalis‚</em></span> <span class='ocrx_word' id='word_1_12' title='bbox 366 724 396 780; x_wconf 85' lang='lat' dir='ltr'><em>id</em></span> <span class='ocrx_word' id='word_1_13' title='bbox 411 734 455 782; x_wconf 88' lang='lat' dir='ltr'><em>est</em></span> <span class='ocrx_word' id='word_1_14' title='bbox 477 723 566 780; x_wconf 86' lang='lat' dir='ltr'><em>cardo</em></span> <span class='ocrx_word' id='word_1_15' title='bbox 584 735 692 780; x_wconf 80' lang='lat' dir='ltr'><em>sancta</em></span> <span class='ocrx_word' id='word_1_16' title='bbox 710 723 851 780; x_wconf 76' lang='lat' dir='ltr'><em>Ecclesia</em></span> <span class='ocrx_word' id='word_1_17' title='bbox 874 727 953 799; x_wconf 85' lang='lat' dir='ltr'><em>Apo·</em></span> 
     </span>
     <span class='ocr_line' id='line_1_4' title="bbox 258 804 951 881; baseline -0.004 -18"><span class='ocrx_word' id='word_1_18' title='bbox 258 806 434 881; x_wconf 84' lang='lat' dir='ltr'><em>staticaeper</em></span> <span class='ocrx_word' id='word_1_19' title='bbox 449 814 543 880; x_wconf 87' lang='lat' dir='ltr'><em>capnt,</em></span> <span class='ocrx_word' id='word_1_20' title='bbox 562 804 623 879; x_wconf 91' lang='lat' dir='ltr'><em>ipse</em></span> <span class='ocrx_word' id='word_1_21' title='bbox 637 813 680 861; x_wconf 89' lang='lat' dir='ltr'><em>est</em></span> <span class='ocrx_word' id='word_1_22' title='bbox 694 821 750 879; x_wconf 90' lang='lat' dir='ltr'><em>per</em></span> <span class='ocrx_word' id='word_1_23' title='bbox 764 804 951 878; x_wconf 67' lang='lat' dir='ltr'><em>aequivalens,</em></span> 
     </span>
     <span class='ocr_line' id='line_1_5' title="bbox 260 882 951 961; baseline -0.001 -19"><span class='ocrx_word' id='word_1_24' title='bbox 260 886 347 943; x_wconf 83' lang='lat' dir='ltr'><em>idest</em></span> <span class='ocrx_word' id='word_1_25' title='bbox 357 902 414 961; x_wconf 92' lang='lat' dir='ltr'><em>per</em></span> <span class='ocrx_word' id='word_1_26' title='bbox 423 882 549 953; x_wconf 67' lang='lat' dir='ltr'><em>‘nasnm,·</em></span> <span class='ocrx_word' id='word_1_27' title='bbox 566 902 633 940; x_wconf 89' lang='lat' dir='ltr'><em>nam</em></span> <span class='ocrx_word' id='word_1_28' title='bbox 648 884 713 959; x_wconf 85' lang='lat' dir='ltr'><em>quis</em></span> <span class='ocrx_word' id='word_1_29' title='bbox 727 894 770 941; x_wconf 91' lang='lat' dir='ltr'><em>est</em></span> <span class='ocrx_word' id='word_1_30' title='bbox 784 894 844 939; x_wconf 88' lang='lat' dir='ltr'><em>tam</em></span> <span class='ocrx_word' id='word_1_31' title='bbox 858 885 951 941; x_wconf 79' lang='lat' dir='ltr'><em>hare·</em></span> 
     </span>
     <span class='ocr_line' id='line_1_6' title="bbox 258 962 952 1040; baseline -0.003 -17"><span class='ocrx_word' id='word_1_32' title='bbox 258 967 343 1037; x_wconf 80' lang='lat' dir='ltr'><em>ticos,</em></span> <span class='ocrx_word' id='word_1_33' title='bbox 357 965 407 1040; x_wconf 86' lang='lat' dir='ltr'><em>qui</em></span> <span class='ocrx_word' id='word_1_34' title='bbox 419 964 560 1022; x_wconf 84' lang='lat' dir='ltr'><em>sustineat</em></span> <span class='ocrx_word' id='word_1_35' title='bbox 569 964 673 1031; x_wconf 89' lang='lat' dir='ltr'><em>dicere,</em></span> <span class='ocrx_word' id='word_1_36' title='bbox 691 962 768 1038; x_wconf 84' lang='lat' dir='ltr'><em>quod</em></span> <span class='ocrx_word' id='word_1_37' title='bbox 781 980 952 1021; x_wconf 86' lang='lat' dir='ltr'><em>unnsnasns</em></span> 
     </span>
     <span class='ocr_line' id='line_1_7' title="bbox 256 1044 950 1119; baseline -0.007 -16"><span class='ocrx_word' id='word_1_38' title='bbox 256 1064 314 1103; x_wconf 93' lang='lat' dir='ltr'><em>non</em></span> <span class='ocrx_word' id='word_1_39' title='bbox 326 1045 423 1103; x_wconf 81' lang='lat' dir='ltr'><em>valeat</em></span> <span class='ocrx_word' id='word_1_40' title='bbox 438 1044 506 1100; x_wconf 88' lang='lat' dir='ltr'><em>bene</em></span> <span class='ocrx_word' id='word_1_41' title='bbox 520 1061 607 1100; x_wconf 84' lang='lat' dir='ltr'><em>anam</em></span> <span class='ocrx_word' id='word_1_42' title='bbox 619 1044 753 1119; x_wconf 79' lang='lat' dir='ltr'><em>pileum?</em></span> <span class='ocrx_word' id='word_1_43' title='bbox 766 1044 854 1099; x_wconf 90' lang='lat' dir='ltr'><em>Patet</em></span> <span class='ocrx_word' id='word_1_44' title='bbox 868 1053 950 1100; x_wconf 92' lang='lat' dir='ltr'><em>ante-</em></span> 
     </span>
     <span class='ocr_line' id='line_1_8' title="bbox 255 1123 952 1201; baseline -0.003 -19"><span class='ocrx_word' id='word_1_45' title='bbox 255 1124 363 1183; x_wconf 80' lang='lat' dir='ltr'><em>cedens</em></span> <span class='ocrx_word' id='word_1_46' title='bbox 369 1142 426 1201; x_wconf 86' lang='lat' dir='ltr'><em>per</em></span> <span class='ocrx_word' id='word_1_47' title='bbox 436 1142 533 1181; x_wconf 89' lang='lat' dir='ltr'><em>omnes</em></span> <span class='ocrx_word' id='word_1_48' title='bbox 547 1124 597 1200; x_wconf 87' lang='lat' dir='ltr'><em>qui</em></span> <span class='ocrx_word' id='word_1_49' title='bbox 609 1123 743 1180; x_wconf 83' lang='lat' dir='ltr'><em>viderant</em></span> <span class='ocrx_word' id='word_1_50' title='bbox 758 1124 850 1199; x_wconf 87' lang='lat' dir='ltr'><em>ipsius</em></span> <span class='ocrx_word' id='word_1_51' title='bbox 860 1123 952 1181; x_wconf 89' lang='lat' dir='ltr'><em>nasei·</em></span> 
     </span>
     <span class='ocr_line' id='line_1_9' title="bbox 257 1202 949 1281; baseline -0.006 -18"><span class='ocrx_word' id='word_1_52' title='bbox 257 1205 399 1263; x_wconf 80' lang='lat' dir='ltr'><strong><em>tudinem,</em></strong></span> <span class='ocrx_word' id='word_1_53' title='bbox 421 1206 515 1281; x_wconf 79' lang='lat' dir='ltr'><em>Ergo,</em></span> <span class='ocrx_word' id='word_1_54' title='bbox 539 1213 593 1260; x_wconf 88' lang='lat' dir='ltr'><em>etc.</em></span> <span class='ocrx_word' id='word_1_55' title='bbox 618 1202 678 1261; x_wconf 85' lang='lat' dir='ltr'><em>Sed</em></span> <span class='ocrx_word' id='word_1_56' title='bbox 700 1204 739 1259; x_wconf 93' lang='lat' dir='ltr'><em>ad</em></span> <span class='ocrx_word' id='word_1_57' title='bbox 756 1204 949 1278; x_wconf 86' lang='lat' dir='ltr'><em>propositum,</em></span> 
     </span>
     <span class='ocr_line' id='line_1_10' title="bbox 256 1282 953 1357; baseline -0.003 -16"><span class='ocrx_word' id='word_1_58' title='bbox 256 1302 310 1342; x_wconf 87' lang='lat' dir='ltr'><em>nos</em></span> <span class='ocrx_word' id='word_1_59' title='bbox 320 1283 445 1341; x_wconf 76' lang='lat' dir='ltr'><em>vidimus</em></span> <span class='ocrx_word' id='word_1_60' title='bbox 455 1301 544 1339; x_wconf 85' lang='lat' dir='ltr'><em>anum</em></span> <span class='ocrx_word' id='word_1_61' title='bbox 556 1299 596 1338; x_wconf 83' lang='lat' dir='ltr'><em>ex</em></span> <span class='ocrx_word' id='word_1_62' title='bbox 609 1282 693 1339; x_wconf 87' lang='lat' dir='ltr'><em>libris</em></span> <span class='ocrx_word' id='word_1_63' title='bbox 708 1284 779 1357; x_wconf 81' lang='lat' dir='ltr'><em>ejus,</em></span> <span class='ocrx_word' id='word_1_64' title='bbox 796 1299 879 1355; x_wconf 71' lang='lat' dir='ltr'><em>anem</em></span> <span class='ocrx_word' id='word_1_65' title='bbox 892 1283 953 1357; x_wconf 90' lang='lat' dir='ltr'><em>ipse</em></span> 
     </span>
     <span class='ocr_line' id='line_1_11' title="bbox 249 1362 951 1441; baseline -0.003 -21"><span class='ocrx_word' id='word_1_66' title='bbox 249 1364 332 1441; x_wconf 82' lang='lat' dir='ltr'><em>jecit</em></span> <span class='ocrx_word' id='word_1_67' title='bbox 341 1381 396 1438; x_wconf 89' lang='lat' dir='ltr'><em>per</em></span> <span class='ocrx_word' id='word_1_68' title='bbox 410 1363 535 1439; x_wconf 81' lang='lat' dir='ltr'><em>triginta</em></span> <span class='ocrx_word' id='word_1_69' title='bbox 556 1372 607 1418; x_wconf 90' lang='lat' dir='ltr'><em>ant</em></span> <span class='ocrx_word' id='word_1_70' title='bbox 626 1362 824 1439; x_wconf 84' lang='lat' dir='ltr'><em>quadraginta</em></span> <span class='ocrx_word' id='word_1_71' title='bbox 837 1379 926 1419; x_wconf 89' lang='lat' dir='ltr'><em>annos</em></span> <span class='ocrx_word' id='word_1_72' title='bbox 942 1382 951 1418; x_wconf 84' lang='lat'><em>.·</em></span> 
     </span>
     <span class='ocr_line' id='line_1_12' title="bbox 258 1440 950 1517; baseline -0.003 -17"><span class='ocrx_word' id='word_1_73' title='bbox 258 1453 288 1500; x_wconf 93' lang='lat' dir='ltr'><em>et</em></span> <span class='ocrx_word' id='word_1_74' title='bbox 302 1441 353 1498; x_wconf 88' lang='lat' dir='ltr'><em>diu</em></span> <span class='ocrx_word' id='word_1_75' title='bbox 373 1451 415 1499; x_wconf 92' lang='lat' dir='ltr'><em>est</em></span> <span class='ocrx_word' id='word_1_76' title='bbox 429 1442 502 1516; x_wconf 83' lang='lat' dir='ltr'><em>qaod</em></span> <span class='ocrx_word' id='word_1_77' title='bbox 513 1441 689 1508; x_wconf 76' lang='lat' dir='ltr'><strong><em>dolebamus,</em></strong></span> <span class='ocrx_word' id='word_1_78' title='bbox 707 1440 783 1517; x_wconf 84' lang='lat' dir='ltr'><em>qaod</em></span> <span class='ocrx_word' id='word_1_79' title='bbox 796 1459 851 1497; x_wconf 91' lang='lat' dir='ltr'><em>non</em></span> <span class='ocrx_word' id='word_1_80' title='bbox 864 1451 950 1516; x_wconf 92' lang='lat' dir='ltr'><em>pote-</em></span> 
     </span>
     <span class='ocr_line' id='line_1_13' title="bbox 258 1520 950 1597; baseline -0.007 -16"><span class='ocrx_word' id='word_1_81' title='bbox 258 1532 309 1581; x_wconf 88' lang='lat' dir='ltr'><em>rat</em></span> <span class='ocrx_word' id='word_1_82' title='bbox 322 1521 449 1579; x_wconf 84' lang='lat' dir='ltr'><em>invenire</em></span> <span class='ocrx_word' id='word_1_83' title='bbox 463 1522 666 1597; x_wconf 82' lang='lat' dir='ltr'><em>impressorem</em></span> <span class='ocrx_word' id='word_1_84' title='bbox 684 1522 733 1595; x_wconf 86' lang='lat' dir='ltr'><em>qui</em></span> <span class='ocrx_word' id='word_1_85' title='bbox 746 1521 832 1577; x_wconf 82' lang='lat' dir='ltr'><em>vellet</em></span> <span class='ocrx_word' id='word_1_86' title='bbox 847 1520 950 1596; x_wconf 89' lang='lat' dir='ltr'><em>impri-</em></span> 
     </span>
     <span class='ocr_line' id='line_1_14' title="bbox 258 1600 951 1676; baseline 0 -18"><span class='ocrx_word' id='word_1_87' title='bbox 258 1619 341 1658; x_wconf 85' lang='lat' dir='ltr'><em>mere</em></span> <span class='ocrx_word' id='word_1_88' title='bbox 354 1600 443 1657; x_wconf 88' lang='lat' dir='ltr'><em>:adeo</em></span> <span class='ocrx_word' id='word_1_89' title='bbox 454 1610 485 1656; x_wconf 84' lang='lat' dir='ltr'><em>nt</em></span> <span class='ocrx_word' id='word_1_90' title='bbox 494 1617 564 1673; x_wconf 84' lang='lat' dir='ltr'><em>suus</em></span> <span class='ocrx_word' id='word_1_91' title='bbox 573 1611 728 1676; x_wconf 89' lang='lat' dir='ltr'><em>compater,</em></span> <span class='ocrx_word' id='word_1_92' title='bbox 737 1600 786 1676; x_wconf 86' lang='lat' dir='ltr'><em>qui</em></span> <span class='ocrx_word' id='word_1_93' title='bbox 794 1609 854 1657; x_wconf 89' lang='lat' dir='ltr'><em>stat</em></span> <span class='ocrx_word' id='word_1_94' title='bbox 857 1618 951 1676; x_wconf 87' lang='lat' dir='ltr'><em>prope</em></span> 
     </span>
     <span class='ocr_line' id='line_1_15' title="bbox 257 1680 947 1757; baseline -0.004 -19"><span class='ocrx_word' id='word_1_95' title='bbox 257 1699 380 1738; x_wconf 88' lang='lat' dir='ltr'><em>cuneum</em></span> <span class='ocrx_word' id='word_1_96' title='bbox 401 1681 638 1737; x_wconf 78' lang='lat' dir='ltr'><em>Methurinoram</em></span> <span class='ocrx_word' id='word_1_97' title='bbox 659 1680 712 1737; x_wconf 88' lang='lat' dir='ltr'><em>sub</em></span> <span class='ocrx_word' id='word_1_98' title='bbox 731 1680 841 1757; x_wconf 82' lang='lat' dir='ltr'><strong><em>insigni</em></strong></span> <span class='ocrx_word' id='word_1_99' title='bbox 859 1681 947 1755; x_wconf 85' lang='lat' dir='ltr'><em>Lupi,</em></span> 
     </span>
     <span class='ocr_line' id='line_1_16' title="bbox 258 1757 950 1836; baseline -0.001 -20"><span class='ocrx_word' id='word_1_100' title='bbox 258 1759 427 1836; x_wconf 83' lang='lat' dir='ltr'><em>diusecerit</em></span> <span class='ocrx_word' id='word_1_101' title='bbox 436 1776 576 1836; x_wconf 86' lang='lat' dir='ltr'><em>magnam</em></span> <span class='ocrx_word' id='word_1_102' title='bbox 588 1757 796 1835; x_wconf 86' lang='lat' dir='ltr'><em>difficultatem.</em></span> <span class='ocrx_word' id='word_1_103' title='bbox 809 1759 950 1834; x_wconf 84' lang='lat' dir='ltr'><em>Profecto</em></span> 
     </span>
     <span class='ocr_line' id='line_1_17' title="bbox 250 1838 951 1918; baseline -0.004 -21"><span class='ocrx_word' id='word_1_104' title='bbox 250 1841 332 1918; x_wconf 86' lang='lat' dir='ltr'><em>secit</em></span> <span class='ocrx_word' id='word_1_105' title='bbox 352 1839 432 1897; x_wconf 85' lang='lat' dir='ltr'><em>nobis</em></span> <span class='ocrx_word' id='word_1_106' title='bbox 453 1847 592 1916; x_wconf 83' lang='lat' dir='ltr'><em>magnam</em></span> <span class='ocrx_word' id='word_1_107' title='bbox 617 1839 766 1914; x_wconf 84' lang='lat' dir='ltr'><em>injuriam,</em></span> <span class='ocrx_word' id='word_1_108' title='bbox 795 1841 844 1914; x_wconf 86' lang='lat' dir='ltr'><em>qui</em></span> <span class='ocrx_word' id='word_1_109' title='bbox 869 1838 951 1895; x_wconf 86' lang='lat' dir='ltr'><em>nobis</em></span> 
     </span>
     <span class='ocr_line' id='line_1_18' title="bbox 257 1919 950 1997; baseline -0.004 -20"><span class='ocrx_word' id='word_1_110' title='bbox 257 1940 315 1993; x_wconf 90' lang='lat' dir='ltr'><em>non</em></span> <span class='ocrx_word' id='word_1_111' title='bbox 329 1920 516 1997; x_wconf 70' lang='lat' dir='ltr'><em>apparaverit</em></span> <span class='ocrx_word' id='word_1_112' title='bbox 528 1919 613 1977; x_wconf 87' lang='lat' dir='ltr'><em>citius</em></span> <span class='ocrx_word' id='word_1_113' title='bbox 633 1921 672 1976; x_wconf 90' lang='lat' dir='ltr'><em>ad</em></span> <span class='ocrx_word' id='word_1_114' title='bbox 688 1919 851 1975; x_wconf 87' lang='lat' dir='ltr'><em>ridendum.</em></span> <span class='ocrx_word' id='word_1_115' title='bbox 867 1920 950 1975; x_wconf 92' lang='lat' dir='ltr'><em>Nam</em></span> 
     </span>
     <span class='ocr_line' id='line_1_19' title="bbox 257 1998 950 2058; baseline -0.003 0"><span class='ocrx_word' id='word_1_116' title='bbox 257 2001 334 2058; x_wconf 83' lang='lat' dir='ltr'><em>siem</em></span> <span class='ocrx_word' id='word_1_117' title='bbox 359 2000 430 2056; x_wconf 86' lang='lat' dir='ltr'><em>dicit</em></span> <span class='ocrx_word' id='word_1_118' title='bbox 448 1999 587 2057; x_wconf 76' lang='lat' dir='ltr'><em>Artasius</em></span> <span class='ocrx_word' id='word_1_119' title='bbox 614 1999 808 2057; x_wconf 84' lang='lat' dir='ltr'><em>Desideratus</em></span> <span class='ocrx_word' id='word_1_120' title='bbox 836 1999 864 2055; x_wconf 92' lang='lat' dir='ltr'><em>in</em></span> <span class='ocrx_word' id='word_1_121' title='bbox 887 1998 950 2056; x_wconf 88' lang='lat' dir='ltr'><em>suis</em></span> 
     </span>
    </p>
   </div>
   <div class='ocr_carea' id='block_1_3' title="bbox 256 2184 950 3108">
    <p class='ocr_par' dir='ltr' id='par_1_3' title="bbox 256 2184 950 2922">
     <span class='ocr_line' id='line_1_20' title="bbox 258 2184 950 2244; baseline 0 -14"><span class='ocrx_word' id='word_1_122' title='bbox 258 2185 357 2244; x_wconf 82' lang='lat' dir='ltr'><em>quoique</em></span> <span class='ocrx_word' id='word_1_123' title='bbox 366 2186 406 2230; x_wconf 73' lang='lat' dir='ltr'><em>des</em></span> <span class='ocrx_word' id='word_1_124' title='bbox 421 2186 506 2230; x_wconf 73' lang='lat' dir='ltr'><em>l&#39;annee</em></span> <span class='ocrx_word' id='word_1_125' title='bbox 525 2184 608 2231; x_wconf 82' lang='lat' dir='ltr'><em>1561it</em></span> <span class='ocrx_word' id='word_1_126' title='bbox 624 2187 661 2231; x_wconf 77' lang='lat' dir='ltr'><em>eit</em></span> <span class='ocrx_word' id='word_1_127' title='bbox 677 2188 712 2233; x_wconf 74' lang='lat' dir='ltr'><em>ete</em></span> <span class='ocrx_word' id='word_1_128' title='bbox 728 2186 851 2231; x_wconf 72' lang='lat' dir='ltr'><em>condomae</em></span> <span class='ocrx_word' id='word_1_129' title='bbox 869 2185 950 2231; x_wconf 68' lang='lat' dir='ltr'><em>linire</em></span> 
     </span>
     <span class='ocr_line' id='line_1_21' title="bbox 259 2248 949 2306; baseline -0.001 -13"><span class='ocrx_word' id='word_1_130' title='bbox 259 2248 354 2294; x_wconf 81' lang='lat' dir='ltr'><em>amende</em></span> <span class='ocrx_word' id='word_1_131' title='bbox 372 2248 502 2299; x_wconf 81' lang='lat' dir='ltr'><em>honorable,</em></span> <span class='ocrx_word' id='word_1_132' title='bbox 517 2256 539 2292; x_wconf 81' lang='lat' dir='ltr'><em>et</em></span> <span class='ocrx_word' id='word_1_133' title='bbox 554 2248 567 2292; x_wconf 75' lang='lat' dir='ltr'><em>a</em></span> <span class='ocrx_word' id='word_1_134' title='bbox 585 2261 627 2293; x_wconf 86' lang='lat' dir='ltr'><em>une</em></span> <span class='ocrx_word' id='word_1_135' title='bbox 645 2248 724 2306; x_wconf 86' lang='lat' dir='ltr'><em>prison</em></span> <span class='ocrx_word' id='word_1_136' title='bbox 736 2249 878 2306; x_wconf 62' lang='lat' dir='ltr'><em>perpetuale,</em></span> <span class='ocrx_word' id='word_1_137' title='bbox 891 2260 949 2304; x_wconf 85' lang='lat' dir='ltr'><em>pour</em></span> 
     </span>
     <span class='ocr_line' id='line_1_22' title="bbox 258 2309 948 2370; baseline -0.001 -16"><span class='ocrx_word' id='word_1_138' title='bbox 258 2309 324 2354; x_wconf 79' lang='lat' dir='ltr'><em>avoir</em></span> <span class='ocrx_word' id='word_1_139' title='bbox 334 2312 457 2355; x_wconf 76' lang='lat' dir='ltr'><em>etetrouvt</em></span> <span class='ocrx_word' id='word_1_140' title='bbox 468 2311 557 2354; x_wconf 86' lang='lat' dir='ltr'><em>Auteur</em></span> <span class='ocrx_word' id='word_1_141' title='bbox 573 2317 596 2353; x_wconf 90' lang='lat' dir='ltr'><em>et</em></span> <span class='ocrx_word' id='word_1_142' title='bbox 611 2318 704 2367; x_wconf 83' lang='lat' dir='ltr'><em>porteur</em></span> <span class='ocrx_word' id='word_1_143' title='bbox 720 2311 785 2354; x_wconf 83' lang='lat' dir='ltr'><em>d&#39;une</em></span> <span class='ocrx_word' id='word_1_144' title='bbox 804 2309 902 2370; x_wconf 72' lang='lat' dir='ltr'><em>Reqnete</em></span> <span class='ocrx_word' id='word_1_145' title='bbox 918 2320 948 2353; x_wconf 85' lang='lat' dir='ltr'><em>au</em></span> 
     </span>
     <span class='ocr_line' id='line_1_23' title="bbox 258 2369 949 2430; baseline -0.004 -14"><span class='ocrx_word' id='word_1_146' title='bbox 258 2371 303 2416; x_wconf 89' lang='lat' dir='ltr'><em>Roi</em></span> <span class='ocrx_word' id='word_1_147' title='bbox 318 2371 463 2428; x_wconf 81' lang='lat' dir='ltr'><em>d&#39;Espagne:</em></span> <span class='ocrx_word' id='word_1_148' title='bbox 482 2385 523 2429; x_wconf 85' lang='lat' dir='ltr'><em>par</em></span> <span class='ocrx_word' id='word_1_149' title='bbox 538 2372 643 2430; x_wconf 73' lang='lat' dir='ltr'><em>laquelle,</em></span> <span class='ocrx_word' id='word_1_150' title='bbox 660 2373 674 2416; x_wconf 75' lang='lat' dir='ltr'><em>l</em></span> <span class='ocrx_word' id='word_1_151' title='bbox 692 2372 769 2417; x_wconf 75' lang='lat' dir='ltr'><em>raison</em></span> <span class='ocrx_word' id='word_1_152' title='bbox 790 2371 817 2416; x_wconf 86' lang='lat' dir='ltr'><em>de</em></span> <span class='ocrx_word' id='word_1_153' title='bbox 835 2369 901 2414; x_wconf 84' lang='lat' dir='ltr'><em>l&#39;Edit</em></span> <span class='ocrx_word' id='word_1_154' title='bbox 921 2369 949 2414; x_wconf 87' lang='lat' dir='ltr'><em>de</em></span> 
     </span>
     <span class='ocr_line' id='line_1_24' title="bbox 256 2431 949 2490; baseline -0.001 -14"><span class='ocrx_word' id='word_1_155' title='bbox 256 2431 365 2488; x_wconf 83' lang='lat' dir='ltr'><em>lanvier,</em></span> <span class='ocrx_word' id='word_1_156' title='bbox 385 2433 548 2477; x_wconf 88' lang='lat' dir='ltr'><em>nouvellement</em></span> <span class='ocrx_word' id='word_1_157' title='bbox 570 2434 664 2478; x_wconf 73' lang='lat' dir='ltr'><em>necorde</em></span> <span class='ocrx_word' id='word_1_158' title='bbox 684 2447 730 2478; x_wconf 85' lang='lat' dir='ltr'><em>aux</em></span> <span class='ocrx_word' id='word_1_159' title='bbox 754 2434 904 2490; x_wconf 82' lang='lat' dir='ltr'><em>Hngnenots,</em></span> <span class='ocrx_word' id='word_1_160' title='bbox 926 2431 949 2476; x_wconf 87' lang='lat' dir='ltr'><em>le</em></span> 
     </span>
     <span class='ocr_line' id='line_1_25' title="bbox 258 2493 946 2552; baseline -0.004 -12"><span class='ocrx_word' id='word_1_161' title='bbox 258 2495 339 2551; x_wconf 68' lang='lat' dir='ltr'><em>cierge</em></span> <span class='ocrx_word' id='word_1_162' title='bbox 352 2494 459 2552; x_wconf 69' lang='lat' dir='ltr'><em>Franpais</em></span> <span class='ocrx_word' id='word_1_163' title='bbox 469 2493 583 2552; x_wconf 79' lang='lat' dir='ltr'><em>supplialt</em></span> <span class='ocrx_word' id='word_1_164' title='bbox 595 2508 619 2539; x_wconf 88' lang='lat' dir='ltr'><em>ce</em></span> <span class='ocrx_word' id='word_1_165' title='bbox 632 2494 712 2540; x_wconf 85' lang='lat' dir='ltr'><em>Prince</em></span> <span class='ocrx_word' id='word_1_166' title='bbox 724 2496 750 2538; x_wconf 89' lang='lat' dir='ltr'><em>de</em></span> <span class='ocrx_word' id='word_1_167' title='bbox 762 2495 858 2551; x_wconf 84' lang='lat' dir='ltr'><em>prendre</em></span> <span class='ocrx_word' id='word_1_168' title='bbox 869 2495 891 2538; x_wconf 85' lang='lat' dir='ltr'><em>la</em></span> <span class='ocrx_word' id='word_1_169' title='bbox 907 2494 946 2538; x_wconf 78' lang='lat' dir='ltr'><em>de-</em></span> 
     </span>
     <span class='ocr_line' id='line_1_26' title="bbox 257 2555 948 2614; baseline -0.001 -14"><span class='ocrx_word' id='word_1_170' title='bbox 257 2556 320 2600; x_wconf 80' lang='lat' dir='ltr'><em>fense</em></span> <span class='ocrx_word' id='word_1_171' title='bbox 336 2556 363 2600; x_wconf 92' lang='lat' dir='ltr'><em>de</em></span> <span class='ocrx_word' id='word_1_172' title='bbox 379 2556 401 2599; x_wconf 86' lang='lat' dir='ltr'><em>la</em></span> <span class='ocrx_word' id='word_1_173' title='bbox 417 2555 518 2612; x_wconf 77' lang='lat' dir='ltr'><em>Religion</em></span> <span class='ocrx_word' id='word_1_174' title='bbox 535 2555 674 2614; x_wconf 63' lang='lat' dir='ltr'><em>Catholique</em></span> <span class='ocrx_word' id='word_1_175' title='bbox 691 2557 792 2612; x_wconf 84' lang='lat' dir='ltr'><em>laquelle,</em></span> <span class='ocrx_word' id='word_1_176' title='bbox 808 2555 875 2601; x_wconf 84' lang='lat' dir='ltr'><em>disait</em></span> <span class='ocrx_word' id='word_1_177' title='bbox 891 2563 948 2599; x_wconf 84' lang='lat' dir='ltr'><em>cette</em></span> 
     </span>
     <span class='ocr_line' id='line_1_27' title="bbox 258 2616 947 2674; baseline -0.003 -12"><span class='ocrx_word' id='word_1_178' title='bbox 258 2617 364 2674; x_wconf 71' lang='lat' dir='ltr'><em>Requite,</em></span> <span class='ocrx_word' id='word_1_179' title='bbox 375 2618 420 2661; x_wconf 89' lang='lat' dir='ltr'><em>s&#39;en</em></span> <span class='ocrx_word' id='word_1_180' title='bbox 430 2616 492 2661; x_wconf 88' lang='lat' dir='ltr'><em>allait</em></span> <span class='ocrx_word' id='word_1_181' title='bbox 503 2617 549 2661; x_wconf 64' lang='lat' dir='ltr'><em>&amp;tre</em></span> <span class='ocrx_word' id='word_1_182' title='bbox 558 2618 642 2674; x_wconf 83' lang='lat' dir='ltr'><em>perdne</em></span> <span class='ocrx_word' id='word_1_183' title='bbox 652 2631 680 2663; x_wconf 89' lang='lat' dir='ltr'><em>en</em></span> <span class='ocrx_word' id='word_1_184' title='bbox 693 2619 785 2673; x_wconf 85' lang='lat' dir='ltr'><em>France‚</em></span> <span class='ocrx_word' id='word_1_185' title='bbox 798 2627 853 2661; x_wconf 83' lang='lat' dir='ltr'><em>sous</em></span> <span class='ocrx_word' id='word_1_186' title='bbox 863 2630 894 2661; x_wconf 90' lang='lat' dir='ltr'><em>nn</em></span> <span class='ocrx_word' id='word_1_187' title='bbox 903 2617 947 2662; x_wconf 89' lang='lat' dir='ltr'><em>Roi</em></span> 
     </span>
     <span class='ocr_line' id='line_1_28' title="bbox 257 2677 947 2736; baseline 0.001 -13"><span class='ocrx_word' id='word_1_188' title='bbox 257 2679 354 2736; x_wconf 79' lang='lat' dir='ltr'><em>minent,</em></span> <span class='ocrx_word' id='word_1_189' title='bbox 367 2691 407 2736; x_wconf 83' lang='lat' dir='ltr'><em>par</em></span> <span class='ocrx_word' id='word_1_190' title='bbox 423 2679 445 2722; x_wconf 89' lang='lat' dir='ltr'><em>la</em></span> <span class='ocrx_word' id='word_1_191' title='bbox 456 2677 571 2723; x_wconf 82' lang='lat' dir='ltr'><em>&#39;collusion</em></span> <span class='ocrx_word' id='word_1_192' title='bbox 584 2679 611 2724; x_wconf 89' lang='lat' dir='ltr'><em>de</em></span> <span class='ocrx_word' id='word_1_193' title='bbox 630 2681 651 2724; x_wconf 90' lang='lat' dir='ltr'><em>la</em></span> <span class='ocrx_word' id='word_1_194' title='bbox 670 2678 739 2724; x_wconf 87' lang='lat' dir='ltr'><em>Reine</em></span> <span class='ocrx_word' id='word_1_195' title='bbox 752 2681 849 2736; x_wconf 75' lang='lat' dir='ltr'><em>Regente</em></span> <span class='ocrx_word' id='word_1_196' title='bbox 867 2686 889 2722; x_wconf 88' lang='lat' dir='ltr'><em>et</em></span> <span class='ocrx_word' id='word_1_197' title='bbox 907 2679 947 2724; x_wconf 83' lang='lat' dir='ltr'><em>des</em></span> 
     </span>
     <span class='ocr_line' id='line_1_29' title="bbox 258 2739 947 2797; baseline 0.003 -13"><span class='ocrx_word' id='word_1_198' title='bbox 258 2739 349 2785; x_wconf 86' lang='lat' dir='ltr'><em>Grands</em></span> <span class='ocrx_word' id='word_1_199' title='bbox 366 2740 396 2784; x_wconf 86' lang='lat' dir='ltr'><em>dn</em></span> <span class='ocrx_word' id='word_1_200' title='bbox 413 2740 536 2797; x_wconf 85' lang='lat' dir='ltr'><em>Royanme,</em></span> <span class='ocrx_word' id='word_1_201' title='bbox 555 2739 593 2796; x_wconf 90' lang='lat' dir='ltr'><em>qni</em></span> <span class='ocrx_word' id='word_1_202' title='bbox 611 2741 700 2786; x_wconf 85' lang='lat' dir='ltr'><em>avaient</em></span> <span class='ocrx_word' id='word_1_203' title='bbox 716 2741 790 2785; x_wconf 78' lang='lat' dir='ltr'><em>donne</em></span> <span class='ocrx_word' id='word_1_204' title='bbox 805 2741 838 2784; x_wconf 88' lang='lat' dir='ltr'><em>les</em></span> <span class='ocrx_word' id='word_1_205' title='bbox 850 2739 947 2786; x_wconf 73' lang='lat' dir='ltr'><em>maiust</em></span> 
     </span>
     <span class='ocr_line' id='line_1_30' title="bbox 258 2788 946 2859; baseline 0.003 -14"><span class='ocrx_word' id='word_1_206' title='bbox 258 2808 292 2845; x_wconf 84' lang='lat' dir='ltr'><em>oet</em></span> <span class='ocrx_word' id='word_1_207' title='bbox 308 2788 367 2848; x_wconf 65' lang='lat' dir='ltr'><strong><em>Edit.</em></strong></span> <span class='ocrx_word' id='word_1_208' title='bbox 381 2800 452 2859; x_wconf 65' lang='lat' dir='ltr'><em>ratze,</em></span> <span class='ocrx_word' id='word_1_209' title='bbox 472 2801 534 2846; x_wconf 85' lang='lat' dir='ltr'><em>Hist.</em></span> <span class='ocrx_word' id='word_1_210' title='bbox 552 2801 618 2851; x_wconf 85' lang='lat' dir='ltr'><em>Eecl.</em></span> <span class='ocrx_word' id='word_1_211' title='bbox 638 2810 693 2847; x_wconf 88' lang='lat' dir='ltr'><em>tom.</em></span> <span class='ocrx_word' id='word_1_212' title='bbox 714 2814 744 2847; x_wconf 63' lang='grc' dir='ltr'><em>ιον</em></span> <span class='ocrx_word' id='word_1_213' title='bbox 759 2814 810 2859; x_wconf 79' lang='lat' dir='ltr'><em>pag.</em></span> <span class='ocrx_word' id='word_1_214' title='bbox 821 2802 873 2858; x_wconf 86' lang='lat'>730,</span> <span class='ocrx_word' id='word_1_215' title='bbox 885 2810 908 2847; x_wconf 88' lang='lat' dir='ltr'><em>et</em></span> <span class='ocrx_word' id='word_1_216' title='bbox 918 2803 946 2847; x_wconf 87' lang='lat' dir='ltr'><em>de</em></span> 
     </span>
     <span class='ocr_line' id='line_1_31' title="bbox 258 2863 597 2922; baseline 0 -14"><span class='ocrx_word' id='word_1_217' title='bbox 258 2863 332 2922; x_wconf 87' lang='lat' dir='ltr'><em>Thon,</em></span> <span class='ocrx_word' id='word_1_218' title='bbox 343 2863 358 2907; x_wconf 91' lang='lat' dir='ltr'><em>l.</em></span> <span class='ocrx_word' id='word_1_219' title='bbox 371 2863 407 2910; x_wconf 86' lang='lat'><em>28.</em></span> <span class='ocrx_word' id='word_1_220' title='bbox 418 2876 457 2908; x_wconf 82' lang='lat' dir='ltr'><em>sur</em></span> <span class='ocrx_word' id='word_1_221' title='bbox 469 2863 512 2908; x_wconf 83' lang='lat' dir='ltr'><em>l&#39;an</em></span> <span class='ocrx_word' id='word_1_222' title='bbox 526 2863 597 2918; x_wconf 63' lang='lat'>1561.)</span> 
     </span>
    </p>

    <p class='ocr_par' dir='ltr' id='par_1_4' title="bbox 256 2924 944 3108">
     <span class='ocr_line' id='line_1_32' title="bbox 284 2924 944 2971; baseline 0.003 -2"><span class='ocrx_word' id='word_1_223' title='bbox 284 2925 357 2969; x_wconf 86' lang='lat' dir='ltr'><em>Ontre</em></span> <span class='ocrx_word' id='word_1_224' title='bbox 368 2925 396 2970; x_wconf 89' lang='grc' dir='ltr'><em>5ο</em></span> <span class='ocrx_word' id='word_1_225' title='bbox 409 2926 517 2970; x_wconf 86' lang='lat' dir='ltr'><em>Psaumes</em></span> <span class='ocrx_word' id='word_1_226' title='bbox 526 2925 553 2970; x_wconf 85' lang='lat' dir='ltr'><em>de</em></span> <span class='ocrx_word' id='word_1_227' title='bbox 569 2926 590 2970; x_wconf 90' lang='lat' dir='ltr'><em>la</em></span> <span class='ocrx_word' id='word_1_228' title='bbox 606 2924 756 2970; x_wconf 86' lang='lat' dir='ltr'><em>versification</em></span> <span class='ocrx_word' id='word_1_229' title='bbox 773 2925 801 2970; x_wconf 86' lang='lat' dir='ltr'><em>de</em></span> <span class='ocrx_word' id='word_1_230' title='bbox 817 2925 944 2971; x_wconf 76' lang='lat' dir='ltr'><em>Maeotim-</em></span> 
     </span>
     <span class='ocr_line' id='line_1_33' title="bbox 256 2984 944 3044; baseline 0.003 -14"><span class='ocrx_word' id='word_1_231' title='bbox 256 2984 341 3043; x_wconf 76' lang='lat' dir='ltr'><em>primes</em></span> <span class='ocrx_word' id='word_1_232' title='bbox 352 2991 381 3032; x_wconf 89' lang='lat' dir='ltr'><em>e&#39;n</em></span> <span class='ocrx_word' id='word_1_233' title='bbox 395 2986 450 3042; x_wconf 73' lang='lat'><em>1543</em></span> <span class='ocrx_word' id='word_1_234' title='bbox 467 2999 521 3031; x_wconf 84' lang='lat' dir='ltr'><em>avec</em></span> <span class='ocrx_word' id='word_1_235' title='bbox 532 2986 651 3044; x_wconf 80' lang='lat' dir='ltr'><em>Privilege‚</em></span> <span class='ocrx_word' id='word_1_236' title='bbox 670 2999 756 3032; x_wconf 87' lang='lat' dir='ltr'><em>comme</em></span> <span class='ocrx_word' id='word_1_237' title='bbox 772 2988 867 3032; x_wconf 86' lang='lat' dir='ltr'><em>traduits</em></span> <span class='ocrx_word' id='word_1_238' title='bbox 877 2989 944 3032; x_wconf 86' lang='lat' dir='ltr'><em>selon</em></span> 
     </span>
     <span class='ocr_line' id='line_1_34' title="bbox 258 3045 944 3108; baseline 0.003 -17"><span class='ocrx_word' id='word_1_239' title='bbox 258 3047 283 3092; x_wconf 89' lang='lat' dir='ltr'><em>la</em></span> <span class='ocrx_word' id='word_1_240' title='bbox 293 3045 369 3094; x_wconf 80' lang='lat' dir='ltr'><em>vlritrl</em></span> <span class='ocrx_word' id='word_1_241' title='bbox 380 3046 527 3106; x_wconf 71' lang='lat' dir='ltr'><em>uenaeque,</em></span> <span class='ocrx_word' id='word_1_242' title='bbox 544 3061 585 3106; x_wconf 83' lang='lat' dir='ltr'><em>par</em></span> <span class='ocrx_word' id='word_1_243' title='bbox 600 3050 621 3095; x_wconf 89' lang='lat' dir='ltr'><em>le</em></span> <span class='ocrx_word' id='word_1_244' title='bbox 637 3061 720 3108; x_wconf 83' lang='lat' dir='ltr'><em>propre</em></span> <span class='ocrx_word' id='word_1_245' title='bbox 730 3046 873 3106; x_wconf 71' lang='lat' dir='ltr'><em>temoignage</em></span> <span class='ocrx_word' id='word_1_246' title='bbox 884 3048 911 3094; x_wconf 83' lang='lat' dir='ltr'><em>de</em></span> <span class='ocrx_word' id='word_1_247' title='bbox 923 3050 944 3092; x_wconf 87' lang='lat' dir='ltr'><em>la</em></span> 
     </span>
    </p>
   </div>
   <div class='ocr_carea' id='block_1_4' title="bbox 812 3157 825 3188">
    <p class='ocr_par' dir='ltr' id='par_1_5' title="bbox 812 3157 825 3188">
     <span class='ocr_line' id='line_1_35' title="bbox 812 3157 825 3188; baseline 0 0"><span class='ocrx_word' id='word_1_248' title='bbox 812 3157 825 3188; x_wconf 78' lang='lat'><em>2</em></span> 
     </span>
    </p>
   </div>
   <div class='ocr_carea' id='block_1_5' title="bbox 0 0 1354 3800">
    <p class='ocr_par' dir='ltr' id='par_1_6' title="bbox 0 0 1354 3800">
     <span class='ocr_line' id='line_1_36' title="bbox 0 0 1354 3800; baseline 0 3"><span class='ocrx_word' id='word_1_249' title='bbox 0 0 1354 3800; x_wconf 95' lang='lat' dir='ltr'><em> </em></span> 
     </span>
    </p>
   </div>
  </div>
 </body>
</html>
