2700 3800
561 517 597 556 nc
618 501 786 557 Passnvnur
982 505 1013 561 51

328 628 462 702 ipsorum
483 623 656 695 testimonio,
675 624 775 698 suisse
789 639 906 702 organa
918 626 1019 683 diabo-

329 708 435 776 lorum,
451 714 487 760 ut
500 704 544 761 sic
562 704 727 781 inficeretur
745 705 879 762 mundus.
894 705 1021 782 Ideoque

328 787 467 843 dicuntur
490 781 655 842 Decretalia
679 801 736 859 per
755 784 906 861 figuram,
933 803 1020 862 quam

324 875 423 943 poeta
446 863 593 921 seculares
619 872 722 920 uocant
746 866 934 935 Metathesin‚
962 883 1020 942 pro

330 944 507 1015 Dreketalia,
521 960 542 1001 a
556 943 647 1013 Drek,
660 943 737 1019 quod
747 954 831 1001 sonat
846 946 1020 1003 Germanice

330 1025 362 1080 id
374 1024 450 1101 quod
461 1023 585 1081 dicimus
598 1024 705 1080 Latine
717 1033 828 1082 stercus
843 1045 852 1079 .·
874 1024 914 1081 sit
932 1025 1020 1083 honos

329 1104 385 1163 sub
404 1119 475 1161 naso
496 1103 608 1161 damini
629 1103 950 1180 Nuper-Praesidentis‚
971 1106 1021 1180 qui

329 1185 407 1245 sicut
419 1200 493 1241 unus
501 1200 610 1259 porcus
621 1184 727 1241 merita
740 1183 901 1241 delectatur
915 1185 943 1242 in
955 1201 1020 1243 uer-
1119 1197 1123 1206 ·

328 1263 421 1323 sanda
435 1264 492 1321 ista
502 1272 642 1333 stercora,
657 1273 688 1321 ει
702 1263 745 1320 ita
754 1263 824 1320 bene
833 1273 1021 1339 praeparatns

329 1343 442 1401 accedit
453 1342 494 1401 ad
504 1342 676 1419 refutandos
690 1341 850 1400 hoereticos.
867 1343 956 1401 Certe
969 1344 1022 1401 hoc

331 1434 376 1483 εει
396 1440 486 1481 unum
517 1424 621 1480 bonum
640 1423 871 1498 fundamentum
899 1433 928 1480 et
953 1424 1022 1480 bene

329 1503 495 1581 probatum,
512 1513 541 1560 ει
549 1520 607 1579 per
616 1520 792 1579 consequens
804 1512 865 1560 tota
877 1520 931 1561 sua
938 1521 1021 1580 prae-

325 1583 420 1659 satio,
442 1600 506 1659 qua
525 1583 671 1660 firmatur
686 1583 837 1659 precipue
857 1600 946 1659 super
970 1584 1023 1641 hoc

330 1663 529 1733 fundamento,
552 1672 596 1719 est
615 1662 700 1721 ualde
717 1679 845 1720 secura.-
865 1662 907 1719 ita
920 1674 953 1719 ut
967 1681 1022 1739 ego

328 1743 441 1820 possim
455 1742 562 1813 dicere,
581 1742 702 1816 quodsi
719 1758 818 1799 omnes
834 1742 918 1799 stulti
936 1760 1021 1819 rape-

333 1833 400 1880 rent
434 1822 534 1892 coelos,
570 1822 704 1879 dominus
736 1823 1023 1897 Nuper-Prasidens

333 1914 408 1961 esset
412 1904 480 1979 jam
493 1903 573 1960 mille
587 1904 684 1960 leucas
698 1903 777 1959 ultra
790 1903 894 1960 coeium
910 1904 993 1960 iunae.

371 2003 384 2038 ι
398 1985 442 2042 Ει
451 1993 590 2059 quantum
602 1983 642 2039 ad
652 1983 705 2041 hoc
716 1983 792 2058 quod
803 1982 884 2054 dicit,
895 2002 961 2040 eum
975 1985 1024 2060 qui

333 2064 465 2140 disputat
489 2063 581 2121 dere
611 2062 727 2136 decisa,
751 2065 863 2138 facere
883 2063 1022 2138 injuriam

333 2143 527 2202 decisionibus
551 2159 703 2200 sacrorum
729 2143 959 2201 conciliorum:
987 2143 1024 2199 de

330 2232 420 2300 parte
432 2224 492 2280 Dei
505 2223 558 2280 hoc
571 2232 615 2281 est
633 2223 847 2300 argumentari,
868 2223 896 2280 si
910 2222 1023 2299 proba-

333 2312 381 2360 ret
401 2302 478 2378 quod
500 2302 584 2374 dicit,
611 2319 714 2378 nempe
739 2303 809 2373 ista,
834 2312 934 2360 contra
961 2321 1025 2378 quae

333 2383 446 2454 scribit,
461 2382 561 2460 fuisse
574 2382 682 2455 decisa,
694 2383 827 2459 primum
837 2399 895 2459 per
907 2399 1023 2440 sacram

333 2463 530 2538 Scripturam,
546 2454 651 2520 deinde
664 2480 721 2539 per
743 2462 876 2520 Conciiia
896 2463 1024 2539 irresra-

333 2542 458 2620 gabilia.
483 2543 564 2600 Nam
586 2559 637 2599 nos
656 2541 788 2612 dicimus,
813 2542 888 2618 quod
907 2542 936 2601 si
954 2561 1023 2601 con-

335 2623 512 2679 centisimus
525 2622 655 2698 simplici
668 2621 784 2678 nomine
800 2621 936 2695 Conciiii,
949 2623 1025 2699 quod

335 2702 418 2759 nulla
438 2712 484 2760 est
508 2712 568 2758 tam
590 2718 700 2779 magna
722 2701 859 2773 heresis,
884 2720 949 2778 qua
970 2721 1024 2759 non

363 2854 394 2910 (1)
409 2852 455 2899 ees
466 2851 576 2897 allusions
594 2852 740 2896 Allemandes
758 2859 810 2896 sont
821 2853 883 2897 aussi
894 2853 922 2897 de
934 2853 1017 2898 Luther

334 2929 393 2974 page
409 2927 437 2961 21
458 2915 485 2959 de
504 2916 525 2959 la
544 2913 636 2958 Presace
655 2913 683 2957 de
702 2916 723 2958 ln
742 2913 893 2972 Compilation
911 2915 1024 2960 intitules:

335 2978 445 3035 Antiqua
460 2977 587 3022 literarum
605 2981 756 3022 monumenta
774 2978 936 3036 autographa,
955 2979 1025 3022 Brun-

335 3039 416 3097 swictz,
428 3039 487 3095 in-8,
500 3038 512 3084 3
525 3039 579 3095 voh,
595 3038 658 3096 1690.
