2700 3800
498 518 533 555 ns
553 501 719 557 Pnssrvrm
919 504 949 560 15

260 624 447 681 mirabilibus
464 623 581 682 rithmis
597 625 801 696 Normannioe,
824 626 873 682 isti
891 627 951 683 lta-

261 705 348 761 retici
366 716 434 762 sunt
455 714 514 760 tam
536 706 742 775 melancholici,
762 706 839 781 quod
856 717 886 762 tu
903 707 951 763 di-

261 800 342 841 ceres
363 802 425 842 esse
439 795 588 841 mortuas:
610 796 640 841 et
649 788 784 861 profecta
798 786 883 843 ualde
902 804 951 843 su-

261 859 337 923 mus'
351 865 422 921 tenti
443 865 542 920 multis
565 866 776 922 uenerabilibus
790 867 952 941 Magistris

260 945 378 1014 nostris,
408 954 438 1000 et
456 946 622 1019 prasertim
640 945 798 1021 praelibato
824 939 951 1003 Domino

260 1024 568 1100 Nuper-Prasidenti,
583 1035 612 1080 et
625 1026 717 1081 Asino
730 1043 827 1096 aureo,
854 1026 884 1081 id
897 1036 948 1097 est,

260 1106 299 1161 F.
318 1105 408 1160 Petro
421 1105 544 1174 Aurata,
562 1114 589 1159 et
611 1105 732 1179 denique
751 1106 806 1180 ipsi
820 1107 951 1181 prasato

260 1185 402 1241 Ariusio:
417 1185 466 1259 qui
480 1184 560 1241 nobis
577 1185 720 1242 miserunt
742 1194 853 1240 tantum
875 1186 951 1243 risus

260 1264 301 1319 ad
314 1280 364 1320 nos
382 1263 615 1339 impinguandos,
633 1263 710 1338 quod
723 1281 777 1320 non
789 1263 951 1339 poterimus

261 1343 427 1418 expendere
434 1361 489 1417 per
498 1354 610 1399 centum
621 1342 898 1419 quadragesimas.»

297 1426 358 1480 lste
366 1423 497 1480 ribaldus
511 1424 554 1480 sic
568 1423 745 1498 loquebatur,
763 1433 792 1479 et
803 1441 859 1501 ego
872 1441 951 1480 mar·

261 1504 364 1559 debam
380 1504 451 1559 mini
465 1504 597 1579 linguam
612 1526 623 1573 ,·
637 1514 666 1559 et
680 1520 751 1559 unus
765 1504 949 1579 respondens,

260 1585 306 1640 ait
318 1603 326 1638 :
340 1603 355 1637 n
373 1584 442 1639 Non
457 1594 499 1639 est
513 1584 621 1639 mirum
641 1584 716 1657 quod
736 1584 797 1658 ipse
812 1593 871 1639 tam
888 1583 950 1639 lon-

259 1681 319 1740 gus
327 1664 392 1737 fuit
410 1664 438 1719 in
448 1664 600 1739 parienda.
619 1665 701 1720 Nam
722 1664 783 1739 ipse
797 1674 841 1721 est
855 1666 952 1739 major

262 1744 354 1800 bestia
374 1762 459 1818 quam
484 1761 541 1800 sex
560 1744 735 1819 elephantes,
759 1754 788 1799 et
806 1754 951 1819 praterea

260 1826 323 1901 ipse
348 1833 392 1880 est
418 1824 586 1901 mortigena
613 1824 714 1890 active,
743 1824 811 1899 quia
835 1824 952 1899 peperit

260 1915 372 1962 montes
380 1903 573 1961 stultitiarum
589 1914 617 1960 et
626 1905 750 1962 risuum.
765 1925 779 1957 n
793 1905 862 1979 Ego
880 1904 951 1960 nibil

260 1984 402 2043 dicebam.
417 1984 476 2042 Sed
489 1984 607 2060 quanvis
624 1984 694 2040 bene
708 1983 862 2041 noluissem
877 2002 950 2040 nun-

260 2156 315 2199 nees
326 2167 367 2210 par
378 2155 399 2198 la
411 2153 482 2200 Croix
493 2154 522 2199 du
533 2154 615 2211 Maine,
627 2156 648 2198 la
661 2153 769 2200 Gombdie
780 2153 810 2197 du
821 2154 888 2211 Pape
899 2165 949 2197 ma-

261 2217 326 2270 lade,
336 2229 364 2260 au
375 2216 458 2260 feuillet
470 2229 497 2273 29
509 2220 589 2260 tourne
600 2217 628 2260 de
637 2217 735 2260 l'edition
746 2216 772 2259 de
783 2215 846 2272 1591,
854 2215 950 2260 attribue

261 2279 275 2322 ὲ
287 2278 358 2321 Artus
370 2277 458 2334 Desire,
471 2291 524 2322 sous
536 2279 556 2321 le
567 2291 620 2322 nom
630 2279 656 2321 de
665 2277 774 2335 l'affame',
786 2279 807 2321 le
817 2278 951 2322 Passauant

260 2339 502 2396 Parisien,imprime,
520 2339 540 2393 je
557 2353 634 2396 pense,
655 2353 683 2383 en
705 2339 773 2393 15563
786 2346 807 2381 et
825 2338 950 2382 l'Histoire

259 2401 448 2458 Ecclesiastiqne
458 2401 484 2445 de
495 2402 559 2456 Beze,
570 2409 623 2447 tom.
634 2413 671 2455 ror,
680 2415 732 2458 pag.
739 2401 790 2456 736,
803 2412 860 2443 nous
872 2413 885 2444 a
895 2413 948 2444 con·

260 2466 327 2508 servi
336 2464 393 2507 deux
405 2464 481 2507 lettres
491 2464 521 2507 du
538 2463 609 2508 meme
618 2464 691 2507 Artus
705 2462 793 2517 Desire,
813 2461 949 2518 prisonnier,

259 2527 319 2570 l'une
328 2539 357 2569 au
370 2524 420 2580 Roi,
439 2531 461 2569 et
477 2527 556 2569 l'autre'
572 2526 585 2568 ἐ
601 2526 625 2573 ln
640 2524 710 2570 Reine
727 2526 833 2580 Regente,
850 2536 892 2579 par
903 2525 948 2567 les-

259 2588 352 2644 quelles,
366 2587 489 2644 eraignant,
507 2586 576 2641 dit-il,
589 2600 646 2643 pour
659 2600 700 2630 son
711 2587 768 2640 ime,
782 2598 809 2628 en
822 2585 880 2628 l'etat
892 2588 921 2630 οὺ
933 2585 949 2629 il

260 2657 303 2704 est,
313 2648 329 2692 il
339 2648 445 2692 demande
460 2661 503 2704 que
518 2648 549 2692 lui
569 2648 655 2693 faisant
666 2647 732 2704 grace
751 2646 778 2690 de
789 2648 811 2690 la
829 2647 873 2700 vie,
883 2659 913 2690 on
924 2660 949 2690 se
999 2678 1003 2685 .

260 2717 362 2755 eontente
379 2711 406 2753 de
418 2711 438 2754 le
446 2709 504 2755 tenir
515 2723 543 2754 en
560 2709 646 2767 prison,
657 2722 687 2753 ou
707 2708 780 2752 meme
798 2708 825 2752 de
836 2708 949 2767 l'envoyer

260 2772 418 2819 auxGateres.

289 2845 316 2899 (ι)
333 2843 410 2888 Pierre
429 2843 498 2900 Dore,
508 2843 608 2891 Jacobin,
623 2842 723 2886 Docteur
734 2839 761 2884 de
780 2841 853 2886 Paris.
870 2842 948 2899 Voyez

259 2907 283 2951 la
294 2912 346 2950 note
361 2919 385 2961 17
405 2919 445 2949 sur
460 2906 481 2949 le
499 2905 533 2949 ch.
554 2917 581 2949 22
592 2905 622 2948 du
642 2913 664 2947 2·
680 2902 737 2946 livre
749 2902 776 2947 de
793 2904 902 2949 Rabelais.
916 2904 949 2948 Ce

259 2967 336 3013 devait
344 2967 390 3012 etre
398 2980 427 3011 un
438 2968 518 3012 second
528 2967 554 3012 F.
567 2967 671 3012 lacobon
682 2965 745 3019 (Fen.
758 2966 773 3009 l.
785 2979 809 3023 4,
817 2966 853 3029 eh.
865 2964 948 3022 11),un

259 3036 325 3080 autre
335 3030 387 3080 Ane
395 3029 444 3076 d'or
454 3029 571 3093 d'Apulee.
