2700 3800
569 498 606 536 os
625 481 791 538 Passnvnsr
976 482 1023 538 131

340 606 378 661 ait
387 613 545 662 restermet
560 603 645 680 Papa
662 604 850 681 Gregorius),
862 613 958 660 tamen
968 605 1030 662 vnit

295 693 298 702 '
339 684 432 756 facere
451 683 535 759 leges
552 683 741 752 conscientia,
765 684 888 741 cassatis
912 683 1028 758 iegibus

295 799 297 816 ÷
338 764 453 833 divinis,
482 772 514 818 et
536 762 633 838 posito
652 764 726 837 jure
748 763 808 819 Dei
832 763 886 820 sub
904 764 1028 839 pedibus

295 821 298 870 ¹
338 843 391 899 suis
407 864 416 897 .·
433 843 512 898 unae
524 851 647 916 apparet
661 859 727 896 eum
741 858 803 898 esse
816 841 1027 898 Antichristum

295 883 298 998 Ι
338 922 381 996 qai
392 921 475 979 sedet
487 921 518 976 in
538 921 660 996 Templo
676 920 736 976 Dei
747 938 805 996 per
824 922 1024 990 intrusionem,

337 1010 403 1058 etse
415 1001 515 1057 eierat
525 1016 617 1075 supra
630 999 737 1058 Deum.
750 1000 800 1074 qui
816 1000 894 1057 brevi
899 1001 1027 1077 franget

336 1077 485 1136 eicotium
505 1078 614 1154 spiritu
632 1078 693 1136 oris
712 1080 767 1148 sui,
788 1088 818 1135 et
835 1079 967 1136 omnibus
979 1097 1027 1136 as-

334 1160 416 1218 sectis
430 1160 509 1236 ejus.

366 1794 415 1851 De
427 1792 491 1861 ilio,
508 1793 661 1865 Interroga
683 1793 799 1848 Patrem
820 1803 917 1862 tuum,
933 1792 1022 1848 Dent.

331 1872 396 1944 32,
415 1871 475 1949 ipsi
496 1871 594 1928 dicunt
611 1871 674 1928 sio:
699 1872 763 1929 Nos
786 1870 931 1927 credimus
949 1871 1024 1947 quod

333 1953 387 2011 iste
400 1952 501 2009 mulus
510 1961 598 2027 putat
611 1968 662 2008 nos
674 1968 737 2007 esse
751 1962 810 2007 tam
821 1968 920 2027 grues,
937 1969 1023 2026 qnam

332 2033 392 2109 ipse
406 2040 451 2089 est
467 2030 568 2087 bestia.
590 2031 670 2087 Pone
692 2041 754 2087 tuos
778 2030 926 2100 bisoculos,
948 2030 1024 2088 alias

332 2112 477 2169 Lunettes
503 2109 626 2179 Gallice,
647 2109 674 2167 si
688 2120 718 2165 tu
733 2119 816 2184 potes
831 2110 909 2181 (nam
924 2108 1023 2165 dicunt

332 2190 408 2266 qnod
422 2205 511 2246 nasus
533 2198 598 2244 tuus
617 2198 661 2244 est
677 2188 761 2244 valde
778 2182 901 2260 debilis),
915 2198 942 2242 et
954 2189 1022 2264 iege

332 2270 407 2344 quod
421 2268 497 2325 venit
511 2277 639 2343 postea:
666 2277 695 2322 et
724 2277 753 2321 tu
779 2266 886 2324 videbis
909 2267 1021 2340 dequo

331 2347 433 2405 Moses
455 2346 539 2416 velit,
565 2356 596 2401 ut
619 2346 743 2420 infantes
768 2346 948 2421 interrogent
966 2362 1022 2420 pa·

333 2436 392 2483 tres
405 2443 484 2495 suos,
505 2435 534 2481 et
552 2426 689 2500 majores.
709 2427 790 2481 Nam
811 2425 880 2500 quia
901 2443 933 2480 eo
949 2435 1022 2479 tem-

329 2523 405 2582 pore
419 2515 448 2562 et
460 2505 603 2574 omnibus,
618 2505 748 2562 homines
755 2506 876 2579 saciant
891 2505 964 2560 sicut
974 2520 1023 2560 vos

326 2585 452 2660 facitis,
485 2585 612 2640 Domine
639 2583 953 2659 Nuper-Prasidens,
992 2583 1023 2638 id

333 2674 395 2736 est,
409 2682 464 2721 non
484 2672 588 2720 curant
616 2664 716 2741 legere
738 2672 867 2720 sanctam
888 2662 1022 2737 Scriptu-

332 2762 411 2816 ram,
433 2744 502 2820 quia
524 2761 578 2799 non
605 2753 647 2799 est
673 2743 709 2799 de
727 2760 804 2818 pane
826 2741 971 2811 lucrando,
990 2751 1022 2797 nt

331 2822 439 2891 dieunt,
454 2832 482 2878 et
496 2822 585 2878 etiam
596 2822 648 2878 hoc
662 2832 705 2878 est
719 2821 844 2896 officium
861 2820 1022 2896 Theologo-

331 2920 409 2969 rum,
425 2920 478 2958 non
502 2901 747 2967 Christianorum,
765 2901 847 2956 Deus
868 2899 927 2955 vuit
948 2908 979 2953 ut
994 2909 1022 2954 et

329 2981 457 3056 scriptis,
477 2989 506 3037 et
523 2981 692 3037 narratione
705 2979 824 3049 verbali,
841 2988 870 3034 et
890 2978 1020 3036 omnibus
