<?xml version="1.0" encoding="UTF-8"?>
<!DOCTYPE html PUBLIC "-//W3C//DTD XHTML 1.0 Transitional//EN"
    "http://www.w3.org/TR/xhtml1/DTD/xhtml1-transitional.dtd">
<html xmlns="http://www.w3.org/1999/xhtml" xml:lang="en" lang="en">
 <head>
  <title>
</title>
<meta http-equiv="Content-Type" content="text/html;charset=utf-8" />
  <meta name='ocr-system' content='tesseract 3.04.00' />
  <meta name='ocr-capabilities' content='ocr_page ocr_carea ocr_par ocr_line ocrx_word'/>
</head>
<body>
  <div class='ocr_page' id='page_1' title='image "./lepassavantdeth00goog_0120.png"; bbox 0 0 2700 3800; ppageno 0'>
   <div class='ocr_carea' id='block_1_1' title="bbox 568 508 1020 570">
    <p class='ocr_par' dir='ltr' id='par_1_1' title="bbox 568 508 1020 570">
     <span class='ocr_line' id='line_1_1' title="bbox 568 508 1020 570; baseline 0.013 -6"><span class='ocrx_word' id='word_1_1' title='bbox 568 525 604 565; x_wconf 73' lang='lat' dir='ltr'><em>no</em></span> <span class='ocrx_word' id='word_1_2' title='bbox 624 508 789 568; x_wconf 68' lang='lat' dir='ltr'><em>Passum</em></span> <span class='ocrx_word' id='word_1_3' title='bbox 971 513 1020 570; x_wconf 80' lang='lat'><em>105</em></span> 
     </span>
    </p>
   </div>
   <div class='ocr_carea' id='block_1_2' title="bbox 325 635 1025 1330">
    <p class='ocr_par' dir='ltr' id='par_1_2' title="bbox 325 635 1025 1330">
     <span class='ocr_line' id='line_1_2' title="bbox 327 635 1023 712; baseline 0.001 -21"><span class='ocrx_word' id='word_1_4' title='bbox 327 635 407 704; x_wconf 87' lang='lat' dir='ltr'><em>Quia</em></span> <span class='ocrx_word' id='word_1_5' title='bbox 421 643 564 709; x_wconf 80' lang='lat' dir='ltr'><em>quantum</em></span> <span class='ocrx_word' id='word_1_6' title='bbox 579 643 690 708; x_wconf 81' lang='lat' dir='ltr'><em>spectat</em></span> <span class='ocrx_word' id='word_1_7' title='bbox 700 635 740 692; x_wconf 87' lang='lat' dir='ltr'><em>ad</em></span> <span class='ocrx_word' id='word_1_8' title='bbox 754 635 862 693; x_wconf 88' lang='lat' dir='ltr'><em>dictum</em></span> <span class='ocrx_word' id='word_1_9' title='bbox 878 637 1023 712; x_wconf 81' lang='lat' dir='ltr'><em>Augusti·</em></span> 
     </span>
     <span class='ocr_line' id='line_1_3' title="bbox 328 713 1023 792; baseline 0.003 -22"><span class='ocrx_word' id='word_1_10' title='bbox 328 714 364 784; x_wconf 83' lang='lat' dir='ltr'><em>ni,</em></span> <span class='ocrx_word' id='word_1_11' title='bbox 388 723 451 771; x_wconf 91' lang='lat' dir='ltr'><em>tam</em></span> <span class='ocrx_word' id='word_1_12' title='bbox 474 729 554 788; x_wconf 81' lang='lat' dir='ltr'><em>sape</em></span> <span class='ocrx_word' id='word_1_13' title='bbox 569 713 639 788; x_wconf 89' lang='lat' dir='ltr'><em>jam</em></span> <span class='ocrx_word' id='word_1_14' title='bbox 659 715 875 791; x_wconf 84' lang='lat' dir='ltr'><em>responderunt,</em></span> <span class='ocrx_word' id='word_1_15' title='bbox 899 716 975 792; x_wconf 82' lang='lat' dir='ltr'><em>quod</em></span> <span class='ocrx_word' id='word_1_16' title='bbox 993 726 1023 772; x_wconf 88' lang='lat' dir='ltr'><em>tu</em></span> 
     </span>
     <span class='ocr_line' id='line_1_4' title="bbox 329 793 1025 868; baseline 0.004 -18"><span class='ocrx_word' id='word_1_17' title='bbox 329 812 381 851; x_wconf 86' lang='lat' dir='ltr'><em>non</em></span> <span class='ocrx_word' id='word_1_18' title='bbox 391 793 475 852; x_wconf 85' lang='lat' dir='ltr'><em>ralcs</em></span> <span class='ocrx_word' id='word_1_19' title='bbox 489 802 521 849; x_wconf 85' lang='lat' dir='ltr'><em>ut</em></span> <span class='ocrx_word' id='word_1_20' title='bbox 534 793 590 850; x_wconf 91' lang='lat' dir='ltr'><em>ista</em></span> <span class='ocrx_word' id='word_1_21' title='bbox 605 793 781 854; x_wconf 84' lang='lat' dir='ltr'><em>redicantur.</em></span> <span class='ocrx_word' id='word_1_22' title='bbox 798 797 889 854; x_wconf 85' lang='lat' dir='ltr'><em>‹Imo</em></span> <span class='ocrx_word' id='word_1_23' title='bbox 901 796 1025 868; x_wconf 85' lang='lat' dir='ltr'><em>(dicebat</em></span> 
     </span>
     <span class='ocr_line' id='line_1_5' title="bbox 329 871 1023 950; baseline 0.003 -20"><span class='ocrx_word' id='word_1_24' title='bbox 329 875 399 932; x_wconf 82' lang='lat' dir='ltr'><em>mihi</em></span> <span class='ocrx_word' id='word_1_25' title='bbox 414 874 471 931; x_wconf 87' lang='lat' dir='ltr'><em>iste</em></span> <span class='ocrx_word' id='word_1_26' title='bbox 495 871 629 931; x_wconf 83' lang='lat' dir='ltr'><em>ribaldus</em></span> <span class='ocrx_word' id='word_1_27' title='bbox 646 874 698 949; x_wconf 81' lang='lat' dir='ltr'><em>qui</em></span> <span class='ocrx_word' id='word_1_28' title='bbox 717 875 887 950; x_wconf 74' lang='lat' dir='ltr'><em>loquebatur</em></span> <span class='ocrx_word' id='word_1_29' title='bbox 901 878 1023 948; x_wconf 87' lang='lat' dir='ltr'><em>mecum)</em></span> 
     </span>
     <span class='ocr_line' id='line_1_6' title="bbox 329 951 1024 1031; baseline 0 -19"><span class='ocrx_word' id='word_1_30' title='bbox 329 971 383 1031; x_wconf 81' lang='lat' dir='ltr'><em>ego</em></span> <span class='ocrx_word' id='word_1_31' title='bbox 408 970 458 1011; x_wconf 88' lang='lat' dir='ltr'><em>me</em></span> <span class='ocrx_word' id='word_1_32' title='bbox 478 951 580 1010; x_wconf 78' lang='lat' dir='ltr'><em>dubito</em></span> <span class='ocrx_word' id='word_1_33' title='bbox 598 953 676 1028; x_wconf 81' lang='lat' dir='ltr'><em>quod</em></span> <span class='ocrx_word' id='word_1_34' title='bbox 698 971 796 1013; x_wconf 86' lang='lat' dir='ltr'><em>omnes</em></span> <span class='ocrx_word' id='word_1_35' title='bbox 818 974 865 1012; x_wconf 89' lang='lat' dir='ltr'><em>me</em></span> <span class='ocrx_word' id='word_1_36' title='bbox 883 956 1024 1012; x_wconf 78' lang='lat' dir='ltr'><em>habebunt</em></span> 
     </span>
     <span class='ocr_line' id='line_1_7' title="bbox 326 1033 1024 1111; baseline 0.003 -20"><span class='ocrx_word' id='word_1_37' title='bbox 326 1051 382 1111; x_wconf 81' lang='lat' dir='ltr'><em>pro</em></span> <span class='ocrx_word' id='word_1_38' title='bbox 413 1034 531 1108; x_wconf 88' lang='lat' dir='ltr'><em>majore</em></span> <span class='ocrx_word' id='word_1_39' title='bbox 554 1033 654 1104; x_wconf 86' lang='lat' dir='ltr'><em>stulto,</em></span> <span class='ocrx_word' id='word_1_40' title='bbox 694 1051 781 1109; x_wconf 84' lang='lat' dir='ltr'><em>quam</em></span> <span class='ocrx_word' id='word_1_41' title='bbox 806 1035 846 1091; x_wconf 88' lang='lat' dir='ltr'><em>sit</em></span> <span class='ocrx_word' id='word_1_42' title='bbox 879 1037 1024 1093; x_wconf 86' lang='lat' dir='ltr'><em>Dominus</em></span> 
     </span>
     <span class='ocr_line' id='line_1_8' title="bbox 329 1111 1025 1191; baseline 0 -20"><span class='ocrx_word' id='word_1_43' title='bbox 329 1111 629 1191; x_wconf 79' lang='lat' dir='ltr'><em>Nuper-Prasidens,</em></span> <span class='ocrx_word' id='word_1_44' title='bbox 647 1112 771 1187; x_wconf 81' lang='lat' dir='ltr'><em>eoquod</em></span> <span class='ocrx_word' id='word_1_45' title='bbox 789 1114 853 1172; x_wconf 79' lang='lat' dir='ltr'><em>volo</em></span> <span class='ocrx_word' id='word_1_46' title='bbox 876 1115 1025 1190; x_wconf 83' lang='lat' dir='ltr'><em>disputare</em></span> 
     </span>
     <span class='ocr_line' id='line_1_9' title="bbox 325 1192 1021 1269; baseline 0.001 -19"><span class='ocrx_word' id='word_1_47' title='bbox 325 1211 381 1269; x_wconf 81' lang='lat' dir='ltr'><em>per</em></span> <span class='ocrx_word' id='word_1_48' title='bbox 393 1192 542 1250; x_wconf 83' lang='lat' dir='ltr'><em>rationem</em></span> <span class='ocrx_word' id='word_1_49' title='bbox 561 1208 627 1250; x_wconf 83' lang='lat' dir='ltr'><em>cum</em></span> <span class='ocrx_word' id='word_1_50' title='bbox 654 1201 734 1250; x_wconf 85' lang='lat' dir='ltr'><em>tanto</em></span> <span class='ocrx_word' id='word_1_51' title='bbox 761 1193 844 1250; x_wconf 89' lang='lat' dir='ltr'><em>asino</em></span> <span class='ocrx_word' id='word_1_52' title='bbox 865 1194 1021 1259; x_wconf 65' lang='lat' dir='ltr'><em>Alternia,</em></span> 
     </span>
     <span class='ocr_line' id='line_1_10' title="bbox 330 1270 582 1330; baseline -0.02 0"><span class='ocrx_word' id='word_1_53' title='bbox 330 1272 390 1330; x_wconf 87' lang='lat' dir='ltr'><em>sire</em></span> <span class='ocrx_word' id='word_1_54' title='bbox 398 1270 582 1328; x_wconf 77' lang='lat' dir='ltr'><em>Arcadia.»</em></span> 
     </span>
    </p>
   </div>
   <div class='ocr_carea' id='block_1_3' title="bbox 329 1349 1027 1907">
    <p class='ocr_par' dir='ltr' id='par_1_3' title="bbox 329 1349 1027 1907">
     <span class='ocr_line' id='line_1_11' title="bbox 362 1349 1023 1428; baseline 0.002 -19"><span class='ocrx_word' id='word_1_55' title='bbox 362 1353 408 1410; x_wconf 86' lang='lat' dir='ltr'><em>Et</em></span> <span class='ocrx_word' id='word_1_56' title='bbox 422 1352 467 1408; x_wconf 85' lang='lat' dir='ltr'><em>ita</em></span> <span class='ocrx_word' id='word_1_57' title='bbox 479 1349 568 1425; x_wconf 81' lang='lat' dir='ltr'><em>(quoa</em></span> <span class='ocrx_word' id='word_1_58' title='bbox 575 1350 681 1409; x_wconf 76' lang='lat' dir='ltr'><em>attinet</em></span> <span class='ocrx_word' id='word_1_59' title='bbox 693 1351 733 1408; x_wconf 87' lang='lat' dir='ltr'><em>ad</em></span> <span class='ocrx_word' id='word_1_60' title='bbox 748 1351 846 1428; x_wconf 79' lang='lat' dir='ltr'><em>Caput</em></span> <span class='ocrx_word' id='word_1_61' title='bbox 855 1352 1001 1410; x_wconf 84' lang='lat' dir='ltr'><em>decimum</em></span> <span class='ocrx_word' id='word_1_62' title='bbox 1015 1375 1023 1409; x_wconf 90' lang='lat'>:</span> 
     </span>
     <span class='ocr_line' id='line_1_12' title="bbox 331 1429 1026 1508; baseline 0.003 -20"><span class='ocrx_word' id='word_1_63' title='bbox 331 1433 359 1489; x_wconf 84' lang='lat' dir='ltr'><em>in</em></span> <span class='ocrx_word' id='word_1_64' title='bbox 383 1447 441 1508; x_wconf 81' lang='lat' dir='ltr'><em>quo</em></span> <span class='ocrx_word' id='word_1_65' title='bbox 469 1429 621 1488; x_wconf 75' lang='lat' dir='ltr'><em>ostendere</em></span> <span class='ocrx_word' id='word_1_66' title='bbox 642 1431 731 1488; x_wconf 73' lang='lat' dir='ltr'><em>vultis</em></span> <span class='ocrx_word' id='word_1_67' title='bbox 758 1432 872 1506; x_wconf 85' lang='lat' dir='ltr'><em>aliquos</em></span> <span class='ocrx_word' id='word_1_68' title='bbox 894 1434 1026 1490; x_wconf 85' lang='lat' dir='ltr'><em>doctores</em></span> 
     </span>
     <span class='ocr_line' id='line_1_13' title="bbox 330 1508 1026 1586; baseline -0.003 -16"><span class='ocrx_word' id='word_1_69' title='bbox 330 1511 439 1570; x_wconf 81' lang='lat' dir='ltr'><em>sentire</em></span> <span class='ocrx_word' id='word_1_70' title='bbox 463 1508 541 1586; x_wconf 80' lang='lat' dir='ltr'><em>quod</em></span> <span class='ocrx_word' id='word_1_71' title='bbox 563 1511 700 1586; x_wconf 80' lang='lat' dir='ltr'><em>Apostoli</em></span> <span class='ocrx_word' id='word_1_72' title='bbox 721 1511 814 1567; x_wconf 87' lang='lat' dir='ltr'><em>multa</em></span> <span class='ocrx_word' id='word_1_73' title='bbox 842 1513 1026 1570; x_wconf 82' lang='lat' dir='ltr'><em>tradiderunt</em></span> 
     </span>
     <span class='ocr_line' id='line_1_14' title="bbox 329 1590 1027 1666; baseline 0 -16"><span class='ocrx_word' id='word_1_74' title='bbox 329 1609 397 1650; x_wconf 81' lang='lat' dir='ltr'><em>roce</em></span> <span class='ocrx_word' id='word_1_75' title='bbox 418 1607 485 1666; x_wconf 77' lang='lat' dir='ltr'><em>qua·</em></span> <span class='ocrx_word' id='word_1_76' title='bbox 504 1607 559 1646; x_wconf 85' lang='lat' dir='ltr'><em>non</em></span> <span class='ocrx_word' id='word_1_77' title='bbox 583 1590 774 1666; x_wconf 80' lang='lat' dir='ltr'><em>seripserunt)</em></span> <span class='ocrx_word' id='word_1_78' title='bbox 788 1591 893 1664; x_wconf 84' lang='lat' dir='ltr'><em>dicunt,</em></span> <span class='ocrx_word' id='word_1_79' title='bbox 911 1593 1027 1650; x_wconf 86' lang='lat' dir='ltr'><em>domine</em></span> 
     </span>
     <span class='ocr_line' id='line_1_15' title="bbox 330 1669 1025 1748; baseline 0 -20"><span class='ocrx_word' id='word_1_80' title='bbox 330 1669 629 1748; x_wconf 59' lang='lat' dir='ltr'><em>Nuper-Prasiana</em></span> <span class='ocrx_word' id='word_1_81' title='bbox 649 1669 727 1746; x_wconf 80' lang='lat' dir='ltr'><em>quod</em></span> <span class='ocrx_word' id='word_1_82' title='bbox 744 1680 775 1726; x_wconf 89' lang='lat' dir='ltr'><em>tu</em></span> <span class='ocrx_word' id='word_1_83' title='bbox 789 1689 909 1748; x_wconf 77' lang='lat' dir='ltr'><em>pugnas</em></span> <span class='ocrx_word' id='word_1_84' title='bbox 923 1682 1025 1730; x_wconf 84' lang='lat' dir='ltr'><em>contra</em></span> 
     </span>
     <span class='ocr_line' id='line_1_16' title="bbox 331 1749 1025 1828; baseline -0.001 -20"><span class='ocrx_word' id='word_1_85' title='bbox 331 1761 411 1808; x_wconf 83' lang='lat' dir='ltr'><em>tuam</em></span> <span class='ocrx_word' id='word_1_86' title='bbox 432 1749 578 1807; x_wconf 81' lang='lat' dir='ltr'><em>umbram.</em></span> <span class='ocrx_word' id='word_1_87' title='bbox 608 1751 687 1820; x_wconf 87' lang='lat' dir='ltr'><em>Quia</em></span> <span class='ocrx_word' id='word_1_88' title='bbox 699 1767 816 1826; x_wconf 83' lang='lat' dir='ltr'><em>semper</em></span> <span class='ocrx_word' id='word_1_89' title='bbox 832 1761 862 1808; x_wconf 89' lang='lat' dir='ltr'><em>tu</em></span> <span class='ocrx_word' id='word_1_90' title='bbox 882 1752 982 1828; x_wconf 84' lang='lat' dir='ltr'><em>deficis</em></span> <span class='ocrx_word' id='word_1_91' title='bbox 997 1752 1025 1808; x_wconf 87' lang='lat' dir='ltr'><em>in</em></span> 
     </span>
     <span class='ocr_line' id='line_1_17' title="bbox 331 1827 1027 1907; baseline 0 -20"><span class='ocrx_word' id='word_1_92' title='bbox 331 1831 445 1888; x_wconf 63' lang='lat' dir='ltr'><em>nonore</em></span> <span class='ocrx_word' id='word_1_93' title='bbox 454 1827 498 1886; x_wconf 86' lang='lat' dir='ltr'><em>tui</em></span> <span class='ocrx_word' id='word_1_94' title='bbox 504 1829 683 1906; x_wconf 81' lang='lat' dir='ltr'><em>argumenti,</em></span> <span class='ocrx_word' id='word_1_95' title='bbox 696 1829 1027 1907; x_wconf 79' lang='lat' dir='ltr'><em>quiadcbuistiprohare</em></span> 
     </span>
    </p>
   </div>
   <div class='ocr_carea' id='block_1_4' title="bbox 279 1909 1040 3100">
    <p class='ocr_par' dir='ltr' id='par_1_4' title="bbox 279 1909 1040 3100">
     <span class='ocr_line' id='line_1_18' title="bbox 332 1909 1027 1987; baseline 0 -20"><span class='ocrx_word' id='word_1_96' title='bbox 332 1910 406 1987; x_wconf 76' lang='lat' dir='ltr'><em>quod</em></span> <span class='ocrx_word' id='word_1_97' title='bbox 424 1910 492 1967; x_wconf 83' lang='lat' dir='ltr'><em>istce</em></span> <span class='ocrx_word' id='word_1_98' title='bbox 514 1909 687 1967; x_wconf 81' lang='lat' dir='ltr'><em>traditiones</em></span> <span class='ocrx_word' id='word_1_99' title='bbox 713 1910 852 1982; x_wconf 72' lang='lat' dir='ltr'><em>veritates,</em></span> <span class='ocrx_word' id='word_1_100' title='bbox 878 1921 945 1969; x_wconf 88' lang='lat' dir='ltr'><em>sunt</em></span> <span class='ocrx_word' id='word_1_101' title='bbox 967 1911 1027 1967; x_wconf 85' lang='lat' dir='ltr'><em>illae</em></span> 
     </span>
     <span class='ocr_line' id='line_1_19' title="bbox 332 1987 1025 2066; baseline 0 -19"><span class='ocrx_word' id='word_1_102' title='bbox 332 2006 403 2065; x_wconf 76' lang='lat' dir='ltr'><em>quas</em></span> <span class='ocrx_word' id='word_1_103' title='bbox 416 2000 449 2047; x_wconf 81' lang='lat' dir='ltr'><em>tu</em></span> <span class='ocrx_word' id='word_1_104' title='bbox 463 1987 609 2064; x_wconf 82' lang='lat' dir='ltr'><em>defendis,</em></span> <span class='ocrx_word' id='word_1_105' title='bbox 623 1989 699 2064; x_wconf 80' lang='lat' dir='ltr'><em>quod</em></span> <span class='ocrx_word' id='word_1_106' title='bbox 714 1999 744 2045; x_wconf 88' lang='lat' dir='ltr'><em>tu</em></span> <span class='ocrx_word' id='word_1_107' title='bbox 759 2007 903 2066; x_wconf 87' lang='lat' dir='ltr'><em>nunquam</em></span> <span class='ocrx_word' id='word_1_108' title='bbox 915 1990 1025 2066; x_wconf 79' lang='lat' dir='ltr'><em>proha—</em></span> 
     </span>
     <span class='ocr_line' id='line_1_20' title="bbox 335 2068 1027 2146; baseline 0.003 -21"><span class='ocrx_word' id='word_1_109' title='bbox 335 2070 386 2129; x_wconf 83' lang='lat' dir='ltr'><em>lris.</em></span> <span class='ocrx_word' id='word_1_110' title='bbox 409 2070 455 2133; x_wconf 82' lang='lat' dir='ltr'><em>Et</em></span> <span class='ocrx_word' id='word_1_111' title='bbox 462 2078 612 2146; x_wconf 79' lang='lat' dir='ltr'><em>praterea</em></span> <span class='ocrx_word' id='word_1_112' title='bbox 632 2068 733 2125; x_wconf 84' lang='lat' dir='ltr'><em>dicunt</em></span> <span class='ocrx_word' id='word_1_113' title='bbox 745 2070 821 2126; x_wconf 88' lang='lat' dir='ltr'><em>sicut</em></span> <span class='ocrx_word' id='word_1_114' title='bbox 834 2088 935 2146; x_wconf 79' lang='lat' dir='ltr'><em>supra,</em></span> <span class='ocrx_word' id='word_1_115' title='bbox 950 2069 1027 2144; x_wconf 85' lang='lat' dir='ltr'><em>quod</em></span> 
     </span>
     <span class='ocr_line' id='line_1_21' title="bbox 333 2148 1027 2225; baseline -0.003 -18"><span class='ocrx_word' id='word_1_116' title='bbox 333 2148 407 2207; x_wconf 81' lang='lat' dir='ltr'><em>sicut</em></span> <span class='ocrx_word' id='word_1_117' title='bbox 415 2148 553 2225; x_wconf 80' lang='lat' dir='ltr'><em>Apostoli</em></span> <span class='ocrx_word' id='word_1_118' title='bbox 565 2148 745 2224; x_wconf 82' lang='lat' dir='ltr'><em>scripserunt</em></span> <span class='ocrx_word' id='word_1_119' title='bbox 755 2150 854 2207; x_wconf 89' lang='lat' dir='ltr'><em>omnia</em></span> <span class='ocrx_word' id='word_1_120' title='bbox 865 2168 929 2225; x_wconf 81' lang='lat' dir='ltr'><em>qua</em></span> <span class='ocrx_word' id='word_1_121' title='bbox 943 2159 1027 2206; x_wconf 89' lang='lat' dir='ltr'><em>erant</em></span> 
     </span>
     <span class='ocr_line' id='line_1_22' title="bbox 335 2227 1027 2307; baseline 0 -22"><span class='ocrx_word' id='word_1_122' title='bbox 335 2228 497 2287; x_wconf 82' lang='lat' dir='ltr'><em>necessaria</em></span> <span class='ocrx_word' id='word_1_123' title='bbox 508 2227 693 2299; x_wconf 80' lang='lat' dir='ltr'><em>adsalutem,</em></span> <span class='ocrx_word' id='word_1_124' title='bbox 711 2228 754 2287; x_wconf 84' lang='lat' dir='ltr'><em>ita</em></span> <span class='ocrx_word' id='word_1_125' title='bbox 765 2230 854 2286; x_wconf 85' lang='lat' dir='ltr'><em>etiam</em></span> <span class='ocrx_word' id='word_1_126' title='bbox 868 2238 1027 2307; x_wconf 83' lang='lat' dir='ltr'><em>potuerunt</em></span> 
     </span>
     <span class='ocr_line' id='line_1_23' title="bbox 335 2307 1026 2384; baseline -0.003 -19"><span class='ocrx_word' id='word_1_127' title='bbox 335 2308 448 2367; x_wconf 80' lang='lat' dir='ltr'><em>dixisse</em></span> <span class='ocrx_word' id='word_1_128' title='bbox 460 2307 564 2378; x_wconf 84' lang='lat' dir='ltr'><em>multa,</em></span> <span class='ocrx_word' id='word_1_129' title='bbox 585 2324 651 2382; x_wconf 79' lang='lat' dir='ltr'><em>qua</em></span> <span class='ocrx_word' id='word_1_130' title='bbox 663 2308 795 2384; x_wconf 74' lang='lat' dir='ltr'><em>quamvis</em></span> <span class='ocrx_word' id='word_1_131' title='bbox 808 2310 868 2368; x_wconf 87' lang='lat' dir='ltr'><em>sint</em></span> <span class='ocrx_word' id='word_1_132' title='bbox 882 2309 963 2380; x_wconf 80' lang='lat' dir='ltr'><em>lona,</em></span> <span class='ocrx_word' id='word_1_133' title='bbox 981 2318 1026 2364; x_wconf 89' lang='lat' dir='ltr'><em>ta-</em></span> 
     </span>
     <span class='ocr_line' id='line_1_24' title="bbox 335 2386 1027 2464; baseline -0.006 -17"><span class='ocrx_word' id='word_1_134' title='bbox 335 2406 398 2447; x_wconf 79' lang='lat' dir='ltr'><em>men</em></span> <span class='ocrx_word' id='word_1_135' title='bbox 407 2386 545 2446; x_wconf 80' lang='lat' dir='ltr'><em>Ecclesia</em></span> <span class='ocrx_word' id='word_1_136' title='bbox 551 2396 649 2463; x_wconf 83' lang='lat' dir='ltr'><em>potest</em></span> <span class='ocrx_word' id='word_1_137' title='bbox 657 2388 717 2446; x_wconf 86' lang='lat' dir='ltr'><em>illis</em></span> <span class='ocrx_word' id='word_1_138' title='bbox 725 2405 841 2445; x_wconf 84' lang='lat' dir='ltr'><em>carere:</em></span> <span class='ocrx_word' id='word_1_139' title='bbox 851 2389 920 2464; x_wconf 86' lang='lat' dir='ltr'><em>quia</em></span> <span class='ocrx_word' id='word_1_140' title='bbox 929 2388 1027 2444; x_wconf 91' lang='lat' dir='ltr'><em>omnia</em></span> 
     </span>
     <span class='ocr_line' id='line_1_25' title="bbox 336 2466 1027 2545; baseline -0.003 -20"><span class='ocrx_word' id='word_1_141' title='bbox 336 2484 397 2545; x_wconf 71' lang='lat' dir='ltr'><em>quta</em></span> <span class='ocrx_word' id='word_1_142' title='bbox 408 2466 572 2531; x_wconf 76' lang='lat' dir='ltr'><em>sarthana,</em></span> <span class='ocrx_word' id='word_1_143' title='bbox 589 2484 644 2523; x_wconf 84' lang='lat' dir='ltr'><em>non</em></span> <span class='ocrx_word' id='word_1_144' title='bbox 659 2476 755 2525; x_wconf 88' lang='lat' dir='ltr'><em>tamen</em></span> <span class='ocrx_word' id='word_1_145' title='bbox 769 2477 836 2526; x_wconf 83' lang='lat' dir='ltr'><em>sunt</em></span> <span class='ocrx_word' id='word_1_146' title='bbox 855 2483 971 2543; x_wconf 82' lang='lat' dir='ltr'><em>semper</em></span> <span class='ocrx_word' id='word_1_147' title='bbox 985 2467 1027 2523; x_wconf 90' lang='lat' dir='ltr'><em>ita</em></span> 
     </span>
     <span class='ocr_line' id='line_1_26' title="bbox 336 2546 1024 2622; baseline 0.001 -19"><span class='ocrx_word' id='word_1_148' title='bbox 336 2547 507 2617; x_wconf 82' lang='lat' dir='ltr'><em>necessaria,</em></span> <span class='ocrx_word' id='word_1_149' title='bbox 523 2555 557 2605; x_wconf 82' lang='lat' dir='ltr'><em>ut</em></span> <span class='ocrx_word' id='word_1_150' title='bbox 568 2546 633 2604; x_wconf 85' lang='lat' dir='ltr'><em>sinc</em></span> <span class='ocrx_word' id='word_1_151' title='bbox 648 2546 720 2621; x_wconf 83' lang='lat' dir='ltr'><em>ipsis</em></span> <span class='ocrx_word' id='word_1_152' title='bbox 742 2564 796 2603; x_wconf 84' lang='lat' dir='ltr'><em>non</em></span> <span class='ocrx_word' id='word_1_153' title='bbox 807 2547 904 2622; x_wconf 79' lang='lat' dir='ltr'><em>possis</em></span> <span class='ocrx_word' id='word_1_154' title='bbox 918 2547 1024 2604; x_wconf 78' lang='lat' dir='ltr'><em>virere.</em></span> 
     </span>
     <span class='ocr_line' id='line_1_27' title="bbox 279 2626 1026 2702; baseline -0.003 -17"><span class='ocrx_word' id='word_1_155' title='bbox 279 2672 281 2685; x_wconf 92' lang='grc'>.</span> <span class='ocrx_word' id='word_1_156' title='bbox 337 2626 416 2686; x_wconf 82' lang='lat' dir='ltr'><em>Sicut</em></span> <span class='ocrx_word' id='word_1_157' title='bbox 440 2626 532 2683; x_wconf 88' lang='lat' dir='ltr'><em>etiam</em></span> <span class='ocrx_word' id='word_1_158' title='bbox 565 2626 696 2683; x_wconf 82' lang='lat' dir='ltr'><em>ridemus</em></span> <span class='ocrx_word' id='word_1_159' title='bbox 720 2627 866 2702; x_wconf 87' lang='lat' dir='ltr'><em>Spiritum</em></span> <span class='ocrx_word' id='word_1_160' title='bbox 894 2636 1026 2683; x_wconf 85' lang='lat' dir='ltr'><em>sanctum</em></span> 
     </span>
     <span class='ocr_line' id='line_1_28' title="bbox 333 2705 1025 2782; baseline -0.004 -19"><span class='ocrx_word' id='word_1_161' title='bbox 333 2706 440 2781; x_wconf 84' lang='lat' dir='ltr'><em>secisse</em></span> <span class='ocrx_word' id='word_1_162' title='bbox 451 2705 481 2763; x_wconf 87' lang='lat' dir='ltr'><em>in</em></span> <span class='ocrx_word' id='word_1_163' title='bbox 497 2706 568 2782; x_wconf 81' lang='lat' dir='ltr'><em>ipsis</em></span> <span class='ocrx_word' id='word_1_164' title='bbox 581 2705 656 2763; x_wconf 87' lang='lat' dir='ltr'><em>actis</em></span> <span class='ocrx_word' id='word_1_165' title='bbox 666 2706 739 2763; x_wconf 77' lang='lat' dir='ltr'><em>lesu</em></span> <span class='ocrx_word' id='word_1_166' title='bbox 755 2705 869 2763; x_wconf 86' lang='lat' dir='ltr'><em>Christi</em></span> <span class='ocrx_word' id='word_1_167' title='bbox 884 2726 893 2760; x_wconf 90' lang='lat'><em>:</em></span> <span class='ocrx_word' id='word_1_168' title='bbox 908 2723 949 2760; x_wconf 87' lang='lat' dir='ltr'><em>ex</em></span> <span class='ocrx_word' id='word_1_169' title='bbox 962 2706 1025 2780; x_wconf 85' lang='lat' dir='ltr'><em>qui-</em></span> 
     </span>
     <span class='ocr_line' id='line_1_29' title="bbox 340 2784 1026 2859; baseline -0.003 -16"><span class='ocrx_word' id='word_1_170' title='bbox 340 2784 386 2843; x_wconf 77' lang='lat' dir='ltr'><em>tus</em></span> <span class='ocrx_word' id='word_1_171' title='bbox 410 2784 503 2843; x_wconf 81' lang='lat' dir='ltr'><em>scribi</em></span> <span class='ocrx_word' id='word_1_172' title='bbox 530 2784 620 2842; x_wconf 78' lang='lat' dir='ltr'><em>voluit</em></span> <span class='ocrx_word' id='word_1_173' title='bbox 646 2784 745 2841; x_wconf 90' lang='lat' dir='ltr'><em>omnia</em></span> <span class='ocrx_word' id='word_1_174' title='bbox 772 2802 836 2859; x_wconf 77' lang='lat' dir='ltr'><em>qilae</em></span> <span class='ocrx_word' id='word_1_175' title='bbox 863 2785 1026 2842; x_wconf 86' lang='lat' dir='ltr'><em>necessaria</em></span> 
     </span>
     <span class='ocr_line' id='line_1_30' title="bbox 340 2863 1024 2937; baseline -0.001 -16"><span class='ocrx_word' id='word_1_176' title='bbox 340 2874 418 2922; x_wconf 77' lang='lat' dir='ltr'><em>eram</em></span> <span class='ocrx_word' id='word_1_177' title='bbox 430 2864 468 2921; x_wconf 82' lang='lat' dir='ltr'><em>ad</em></span> <span class='ocrx_word' id='word_1_178' title='bbox 477 2863 569 2921; x_wconf 87' lang='lat' dir='ltr'><em>fidem</em></span> <span class='ocrx_word' id='word_1_179' title='bbox 583 2864 804 2937; x_wconf 85' lang='lat' dir='ltr'><em>assequendam,</em></span> <span class='ocrx_word' id='word_1_180' title='bbox 826 2864 902 2921; x_wconf 87' lang='lat' dir='ltr'><em>sicut</em></span> <span class='ocrx_word' id='word_1_181' title='bbox 915 2874 1024 2920; x_wconf 89' lang='lat' dir='ltr'><em>tumet-</em></span> 
     </span>
     <span class='ocr_line' id='line_1_31' title="bbox 340 2943 1025 3021; baseline 0.003 -24"><span class='ocrx_word' id='word_1_182' title='bbox 340 2943 397 3019; x_wconf 63' lang='lat' dir='ltr'><em>ime</em></span> <span class='ocrx_word' id='word_1_183' title='bbox 421 2944 540 3021; x_wconf 79' lang='lat' dir='ltr'><em>allegas</em></span> <span class='ocrx_word' id='word_1_184' title='bbox 574 2960 614 2999; x_wconf 84' lang='lat' dir='ltr'><em>ex</em></span> <span class='ocrx_word' id='word_1_185' title='bbox 647 2943 870 3017; x_wconf 82' lang='lat' dir='ltr'><em>Chrysostomo.</em></span> <span class='ocrx_word' id='word_1_186' title='bbox 905 2943 966 3001; x_wconf 86' lang='lat' dir='ltr'><em>Sed</em></span> <span class='ocrx_word' id='word_1_187' title='bbox 995 2954 1025 2999; x_wconf 88' lang='lat' dir='ltr'><em>tu</em></span> 
     </span>
     <span class='ocr_line' id='line_1_32' title="bbox 340 3022 1040 3100; baseline -0.006 -17"><span class='ocrx_word' id='word_1_188' title='bbox 340 3024 425 3100; x_wconf 78' lang='lat' dir='ltr'><em>affers</em></span> <span class='ocrx_word' id='word_1_189' title='bbox 437 3040 528 3083; x_wconf 77' lang='lat' dir='ltr'><em>ursam</em></span> <span class='ocrx_word' id='word_1_190' title='bbox 545 3022 676 3100; x_wconf 75' lang='lat' dir='ltr'><em>glossam</em></span> <span class='ocrx_word' id='word_1_191' title='bbox 691 3040 755 3098; x_wconf 81' lang='lat' dir='ltr'><em>qua</em></span> <span class='ocrx_word' id='word_1_192' title='bbox 775 3032 818 3080; x_wconf 87' lang='lat' dir='ltr'><em>est</em></span> <span class='ocrx_word' id='word_1_193' title='bbox 832 3023 916 3080; x_wconf 83' lang='lat' dir='ltr'><em>valde</em></span> <span class='ocrx_word' id='word_1_194' title='bbox 928 3022 1040 3081; x_wconf 70' lang='lat' dir='ltr'><em>Abba·</em></span> 
     </span>
    </p>
   </div>
   <div class='ocr_carea' id='block_1_5' title="bbox 0 0 1362 3800">
    <p class='ocr_par' dir='ltr' id='par_1_5' title="bbox 0 0 1362 3800">
     <span class='ocr_line' id='line_1_33' title="bbox 0 0 1362 3800; baseline 0 0"><span class='ocrx_word' id='word_1_195' title='bbox 0 0 1362 3800; x_wconf 95' lang='lat' dir='ltr'><em> </em></span> 
     </span>
    </p>
   </div>
  </div>
 </body>
</html>
