2700 3800
579 516 615 553 ot:
635 498 802 554 Passnvnus
996 498 1030 553 83

331 633 452 683 secreta
465 622 494 677 in
508 631 594 679 sexto
609 621 724 699 Capite.
741 623 824 678 Nam
838 621 867 678 in
874 621 1030 697 principio,

332 720 427 777 quum
456 702 603 758 Dominus
634 699 924 777 Nuper-Prasidens
951 711 1034 758 uocat

331 783 435 839 diuum
447 781 670 854 Hieronymum
680 780 841 851 barbatum,
857 781 1032 856 noscolligi·

333 879 402 919 mus
418 878 508 917 unum
525 861 726 930 corollarium,
741 861 817 936 quod
834 861 949 937 quando
958 878 1032 939 pro-

332 940 486 998 curabatis
499 940 626 997 edietum
644 941 681 995 de
693 940 799 1010 barbis,
815 958 865 998 uos
870 941 1032 1017 faciebatis

332 1032 438 1078 contra
451 1020 686 1095 Hieronymum,
703 1030 733 1076 et
746 1020 789 1075 ita
804 1031 869 1077 erat
880 1021 1033 1079 hereticus

330 1118 387 1177 per
402 1100 535 1157 barbam.
554 1101 598 1156 Et
616 1117 704 1175 quum
718 1101 827 1157 uocatis
848 1101 1030 1177 Gregorium

331 1180 478 1238 Ecclesia·
496 1180 645 1249 uerticem,
662 1180 794 1255 sequitur
806 1181 882 1256 quod
897 1181 1031 1239 Ecclesia

331 1270 434 1319 restra
450 1270 494 1317 est
509 1260 615 1335 biceps,
630 1259 819 1334 quamobrem
836 1260 925 1317 etiam
942 1260 1032 1317 mitra

331 1340 459 1397 Domini
473 1338 791 1415 Nuper-Prositemis
809 1349 839 1395 et
856 1350 1030 1397 ceterarum

333 1418 507 1488 bestiarum,
523 1417 608 1474 babet
626 1416 699 1474 duos
721 1418 845 1475 uertices
857 1419 1027 1497 allegorice.

336 1497 535 1573 Tropologiee
546 1507 645 1553 autem
659 1498 797 1554 denotant
810 1498 874 1555 istae
886 1499 952 1556 dua
965 1516 1029 1556 cus-

326 1578 420 1654 pides
439 1576 633 1651 pollutionem
657 1576 807 1653 utriusque
838 1579 1026 1651 Testamenti,

329 1658 411 1715 sieut
425 1666 484 1714 tres
496 1673 610 1713 corona
621 1656 658 1712 de
673 1674 748 1713 auro
765 1668 794 1714 et
808 1658 952 1733 lapidibus
961 1677 1028 1736 pre-

332 1736 416 1793 tiosis
429 1736 606 1792 Antichristi
624 1736 700 1811 (qua
717 1748 898 1813 opponuntur
916 1757 1029 1795 coronae

329 1817 443 1893 spineae
461 1816 533 1873 Jesu
552 1815 678 1889 Christi)
696 1816 866 1892 significant
884 1818 961 1893 quod
979 1818 1029 1874 ille

326 1896 416 1973 pouit
429 1914 462 1954 se
482 1914 573 1973 supra
593 1896 726 1966 Patrem,
749 1897 870 1968 Filium,
888 1908 917 1953 et
931 1897 1028 1974 Spiri-

331 1988 395 2033 tum
414 1979 565 2047 Sanctum,
581 1976 760 2052 anagogice.
774 1978 818 2032 Et
837 1987 975 2051 quantum
990 1978 1030 2034 ad

331 2057 386 2114 boc
399 2056 477 2132 quod
489 2073 540 2113 vos
554 2056 651 2112 dicitis
665 2055 743 2131 quod
755 2057 891 2114 Ecclesia
899 2057 1028 2135 Aposta-

332 2137 392 2195 tica
408 2138 543 2192 Romana
561 2145 604 2194 est
616 2135 669 2211 pia
684 2137 786 2193 Mater
800 2155 865 2212 qua
876 2138 1027 2215 gremium

330 2215 446 2272 claudit
459 2215 577 2286 nemini,
591 2215 640 2272 isti
650 2215 780 2273 haeretiei
794 2217 891 2274 rident
899 2235 932 2274 se
943 2217 980 2275 de
992 2235 1028 2275 eo
1054 2235 1056 2239 ⁴

331 2304 456 2366 tantum,
473 2295 589 2371 quodsi
603 2305 634 2351 tu
644 2296 758 2353 uideres
773 2306 803 2353 tu
816 2315 1026 2374 creparescum

331 2385 393 2433 tota
411 2376 553 2433 Sorbona.
577 2377 661 2432 Nam
681 2376 781 2433 dieunt
799 2378 876 2452 quob
899 2379 963 2453 ipsa
984 2387 1028 2434 est

330 2472 389 2512 una
402 2455 562 2530 Prophetia
576 2456 683 2513 similis
700 2456 746 2511 illi
760 2474 846 2532 quam
858 2459 938 2534 feeit
954 2457 1026 2515 Cai-

326 2536 411 2611 pltas,
429 2535 480 2611 qui
501 2535 646 2592 nesciebat
666 2536 736 2611 quid
754 2538 873 2608 diceret,
891 2537 975 2594 etita
995 2548 1026 2593 tu

330 2633 361 2673 es
374 2615 566 2690 Caiphaicus.
579 2616 657 2687 Quia
664 2619 803 2693 profecto
812 2627 908 2675 uestra
922 2617 1025 2674 Eccle-

355 2785 364 2841 l
368 2787 387 2841 1)
398 2785 450 2829 Une
458 2784 601 2829 ordonnance
610 2784 694 2830 rendue
703 2798 744 2842 par
754 2784 862 2844 Franeois
872 2785 909 2836 1⁰1,
919 2798 947 2830 en
960 2786 1024 2843 1533,

330 2844 436 2905 envoyait
454 2859 529 2891 tamer
547 2860 585 2891 sur
593 2848 625 2891 les
645 2848 732 2904 galeros
744 2848 776 2891 les
793 2847 936 2904 Bohemiens,
946 2849 978 2892 les
990 2848 1024 2894 vi·

329 2907 394 2965 luins,
407 2916 430 2954 et
440 2915 493 2953 tous
505 2921 562 2953 ceux
573 2908 612 2966 qui
623 2909 737 2954 oseraient
746 2916 822 2962 poster
834 2909 856 2951 la
867 2909 935 2953 barbe
947 2923 1025 2969 sansy

329 2971 375 3015 ἐπε
382 2970 498 3090 αυῖοτίεέε
505 2977 528 3015 et
535 2983 587 3017 sans
597 2985 666 3030 payer
675 2971 697 3017 la
704 2970 828 3017 redevance
836 2969 937 3029 imposte
945 2973 981 3029 (N.
990 2973 1023 3018 du

332 3032 427 3078 Trad..
479 3031 480 3034 ’

579 3202 589 3249 l
