2700 3800
506 536 542 573 os
562 517 728 574 Pnssnvnsr
921 538 955 591 41
1028 531 1030 540 ·

265 643 335 714 nici,
346 660 449 717 nempe
460 643 629 712 Decretum,
643 643 823 714 Decretalia,
836 644 959 714 Sextus,

265 734 295 779 et
317 722 532 779 Clementinae:
554 723 714 778 Decretum
739 732 782 779 est
803 722 881 779 sicut
903 738 961 778 una

264 803 355 860 vestis
370 802 529 877 composita
543 819 583 857 ex
599 802 718 877 infinitis
728 802 828 877 peciiS,
838 801 959 877 plerun-

266 899 322 959 que
332 882 460 956 pessime
472 890 500 936 et
509 880 693 954 sinejudicio
704 881 851 939 collocatis
865 901 874 936 .·
886 881 960 938 adeo

265 972 298 1017 ut
309 962 385 1017 sicut
395 961 423 1018 si
435 970 509 1017 esset
518 979 574 1016 uno
588 959 656 1018 talis
670 960 758 1018 vestis
767 979 831 1036 qnae
841 960 959 1017 liaberet

263 1041 367 1117 plures
379 1040 517 1109 manicas,
532 1057 656 1114 quarum
674 1058 732 1096 una
746 1051 821 1097 esset
835 1041 957 1097 nimium

266 1121 365 1194 longa,
386 1119 448 1174 alia
468 1120 591 1175 nimium
614 1119 728 1191 stricta,
755 1120 816 1176 alia
835 1121 957 1176 nimium

267 1199 338 1268 lata,
356 1208 385 1254 et
396 1208 471 1255 esset
484 1215 524 1255 ex
537 1216 591 1254 uno
605 1198 698 1254 latere
708 1208 768 1254 tam
784 1199 873 1274 longa
883 1198 959 1275 quod

265 1277 428 1353 attingeret
441 1286 561 1347 terram,
579 1294 620 1333 ex
638 1277 697 1333 alio
713 1278 864 1348 secularis,
879 1295 957 1351 quae-

266 1375 321 1433 que
333 1356 453 1413 haberet
465 1356 574 1413 collare
585 1356 651 1414 sine
667 1356 729 1413 ulla
743 1357 932 1433 proportione
948 1378 958 1412 .·

266 1455 351 1494 nemo
368 1436 454 1494 vellet
469 1446 522 1493 aut
537 1446 638 1513 posset
659 1436 787 1507 induere,
809 1437 854 1494 vel
870 1437 898 1495 si
916 1436 958 1493 in·

264 1518 376 1587 cineret,
408 1533 506 1573 omnes
532 1516 674 1586 riderent,
706 1517 781 1574 sicut
806 1517 958 1595 Magister

264 1598 393 1653 loannes
407 1596 444 1652 de
455 1597 549 1652 Ponte
561 1596 681 1652 Alesios
697 1607 726 1651 et
735 1596 914 1672 plangerent
926 1612 958 1654 se

265 1676 301 1730 de
316 1675 418 1733 multis
432 1675 610 1732 vestimentis
628 1676 756 1745 vastatis,
774 1675 849 1731 unde
862 1686 957 1733 essent

265 1764 359 1830 captae
374 1755 465 1829 pecioe
481 1755 520 1810 ad
527 1755 701 1828 faciendum
719 1756 796 1812 istud
811 1766 870 1810 tant
886 1755 956 1813 stul-

266 1844 327 1889 tum
349 1836 551 1891 vestimentum
576 1854 584 1889 .·
610 1834 652 1889 ita
675 1834 763 1890 etiam
792 1834 898 1890 accidit
921 1834 956 1890 de

266 1931 375 1990 magno
386 1916 520 1986 Decreto,
539 1909 567 1970 in
580 1932 636 1988 quo
646 1932 700 1970 non
715 1914 788 1970 solet
793 1914 956 1989 plerunque

263 1995 421 2069 Scriptura
447 1995 565 2065 adduci,
592 1994 651 2051 nisi
672 1994 711 2050 ad
729 1995 955 2068 pervertendum

263 2092 329 2130 eam
343 2084 372 2129 et
381 2075 608 2150 profanandum.
812 2137 815 2144 ¹

301 2154 414 2210 »Sicut
432 2155 505 2210 Can.
528 2156 598 2210 Non
621 2155 704 2211 decet
718 2154 786 2210 dist.
806 2171 834 2209 2.
854 2154 956 2212 scribit

265 2234 406 2291 Calixtus
415 2233 509 2308 Papa,
520 2233 595 2291 sicut
606 2235 666 2290 Dei
669 2234 756 2312 filius
768 2234 844 2292 venit
849 2235 956 2307 jacere
1016 2288 1019 2293 .

262 2313 440 2371 voluntatem
460 2314 561 2370 Patris
584 2314 639 2383 sui,
660 2313 703 2370 sic
721 2324 750 2369 et
768 2332 818 2372 vos
837 2314 956 2388 implete

372 2525 433 2581 Cinq
444 2537 498 2569 cens
510 2525 616 2579 dixains,
629 2526 800 2586 millevirlais,

370 2586 403 2630 Et
415 2599 442 2630 en
455 2588 521 2631 Rime
531 2589 596 2631 mille
606 2588 709 2632 virades.

370 2710 406 2754 Ne
414 2711 547 2767 suffirotent
558 2712 584 2754 ni
596 2712 724 2764 Pontalar's

371 2772 390 2814 A
398 2773 492 2828 pleines
501 2774 575 2817 halles
586 2773 615 2816 de
626 2773 734 2816 hellades

370 2835 408 2878 An
420 2834 520 2879 doctetet
529 2835 605 2892 gentil
613 2835 732 2879 Ralelais.

273 2895 279 2908 ⁶
291 2921 329 2966 Au
340 2921 425 2965 feuillet
437 2921 477 2966 108
492 2924 529 2966 des
543 2924 628 2967 Contes
637 2923 666 2966 de
682 2923 836 2969 Bonaventure
848 2926 887 2970 des
905 2928 951 2971 Pe-

262 2983 328 3039 riers‚
346 2983 427 3038 Paris,
450 2984 512 3040 1565,
527 2997 556 3029 on
574 2991 653 3027 trouve
669 2998 700 3028 un
715 2984 813 3041 chapitre
829 2989 899 3032 entier
913 2990 952 3033 des

262 3047 320 3090 bons
332 3052 397 3090 tours
406 3046 473 3101 qu'on
483 3045 577 3090 attribue
587 3047 600 3089 t
612 3053 645 3090 cet
654 3046 743 3091 homme
755 3047 871 3096 iaottieux.

841 3161 864 3202 o„
