2700 3800
495 514 533 552 na
553 497 720 553 Passuvaur
916 515 954 573 97

256 629 401 757 ταττ
572 618 957 775 {grumum

261 778 358 838 Curia
368 780 506 836 Romana
516 777 672 849 declinare,
686 788 714 835 et
728 796 782 835 non
794 780 880 854 prius
893 797 955 838 ees-

258 858 336 916 sabie
355 875 444 934 quam
471 867 531 915 tota
555 875 610 916 suu
634 859 719 916 sedes
738 859 876 916 ceciderit
889 877 954 917 cum

258 937 388 996 Domino
415 938 501 1014 Papa
529 938 558 995 in
575 938 706 1013 fundum
736 938 854 1013 inferni,
880 941 955 997 sicut

259 1017 425 1076 ostenditur
435 1017 465 1074 in
477 1018 669 1094 Apocalypsi.

295 1097 456 1156 Veniamus
464 1097 504 1154 ad
508 1097 955 1172 Caputoetavum.Sedd)omine

257 1175 563 1254 Nuper-Pasiam,
594 1176 622 1233 si
647 1176 703 1233 tibi
736 1176 870 1253 displicer
898 1179 954 1235 ista

258 1256 369 1333 legere,
386 1273 445 1334 ego
452 1273 509 1314 ιιοιι
513 1272 634 1332 possum
646 1256 708 1313 sed.
723 1257 828 1333 Itaque
841 1258 954 1333 quando

259 1335 313 1392 tibi
322 1335 447 1412 placuit,
461 1352 512 1394 uos
524 1333 633 1393 dabitis
642 1336 714 1393 mihi
728 1353 817 1393 unam
831 1336 953 1393 audien-

259 1416 341 1487 tium,
360 1432 418 1491 pro
427 1415 509 1492 pari,
525 1425 556 1472 et
566 1432 623 1492 ego
637 1415 734 1472 dicam
749 1415 803 1472 tibi
810 1425 900 1473 totum
915 1417 955 1474 ad

258 1495 390 1573 longum.
401 1493 643 1571 Quandoquidem
657 1494 708 1551 isti
718 1495 849 1552 haretici
862 1497 953 1572 repli-

257 1583 332 1644 cant,
359 1584 390 1631 et
402 1572 502 1631 dicuni
515 1574 592 1650 quod
612 1574 725 1649 quando
739 1585 770 1631 tu
782 1575 909 1651 loqueris
917 1576 953 1632 de

257 1653 413 1725 camimum,
441 1664 472 1711 ιιι
495 1654 623 1730 loqueris
648 1654 722 1712 sicut
744 1673 817 1713 unus
830 1656 952 1714 clericus

258 1734 293 1790 de
305 1733 421 1792 armu:
435 1733 505 1810 quia
514 1743 545 1790 tu
559 1751 613 1790 non
619 1734 704 1808 sacis
714 1734 801 1792 bonos
810 1735 949 1813 estagioS,

258 1823 285 1872 ei
300 1813 367 1871 ideo
380 1813 435 1872 tori
448 1813 492 1870 tui
511 1813 639 1870 cuniculi
653 1812 756 1870 cadem
769 1831 858 1890 super
870 1825 951 1871 tuum

257 1905 351 1971 caput.
372 1893 417 1952 Er
435 1892 512 1969 quod
538 1893 580 1950 ita
597 1893 646 1965 sit,
663 1893 761 1951 dicum
780 1895 857 1970 quod
876 1905 907 1951 ιιι
921 1914 952 1953 es

257 1972 490 2051 malesuadam
499 1972 613 2050 quando
623 1983 654 2029 tu
666 1975 887 2052 argumentaris
899 1976 952 2032 hoc

258 2053 364 2113 modo:
386 2054 457 2111 laex
471 2053 643 2111 Christiana
660 2053 727 2128 suit
746 2052 829 2111 initio
842 2055 952 2131 scripta

258 2132 286 2191 ιἰι
306 2132 460 2204 mentibu,
477 2133 576 2190 nonin
596 2133 707 2204 charta,
729 2150 803 2212 ergo
821 2143 882 2190 tota
900 2135 952 2191 lex

260 2212 432 2271 Christiana
449 2229 505 2269 ιιοιι
526 2222 570 2269 est
589 2211 700 2288 scripta
723 2213 752 2268 in
774 2213 877 2272 literis.
894 2214 951 2271 Isti

259 2292 388 2351 haretici
404 2291 504 2349 dicum
517 2293 594 2367 quod
608 2302 639 2348 tu
656 2309 712 2349 non
725 2310 792 2350 eras
807 2293 876 2350 bene
889 2294 951 2351 dis-

254 2373 375 2447 positus,
390 2372 504 2447 quando
523 2381 553 2428 tu
572 2372 615 2429 sic
632 2373 889 2450 argumentabaris
902 2389 950 2430 so·

253 2452 387 2529 phistice,
403 2452 464 2523 sive
476 2451 640 2509 Sordonice.
657 2454 700 2510 Et
713 2452 788 2528 quod
802 2462 844 2509 est
851 2455 946 2529 pejus,

257 2531 332 2607 quod
348 2542 382 2589 tu
400 2549 455 2588 ιιοιι
482 2531 627 2609 intelligis
647 2532 717 2607 quid
730 2533 770 2590 sit
788 2532 862 2588 iliud
874 2533 950 2608 quod

258 2622 287 2667 ιιι
297 2611 416 2702 allegas
424 2629 467 2668 ex
479 2612 652 2668 Hieremia:
669 2615 733 2686 Ego
747 2630 856 2685 ponam
871 2611 949 2686 leges

259 2708 337 2749 meas
357 2710 390 2748 m
412 2691 563 2748 mentibus
583 2708 697 2763 eorum,
722 2692 791 2766 quia
816 2692 869 2748 hoc
893 2710 948 2748 non

281 2916 313 2973 (ι)
328 2914 410 2975 voyez
425 2914 459 2961 lee
474 2914 560 2961 Comes
575 2914 604 2960 de
621 2914 778 2960 Bonavenmre
796 2912 836 2958 des
849 2913 947 2972 Periere,

255 2989 283 3023 uu
294 2977 397 3035 chapitre
411 2977 515 3023 intitule:
527 2978 563 3023 De
580 2976 686 3022 l'Auocat
701 2989 730 3021 er
748 2977 893 3031 Partemeut,
905 2977 949 3034 qui

253 3040 427 3094 mahumete
439 3040 583 3097 bariepour
595 3040 620 3084 la
627 3039 740 3096 pareiiie.

828 3147 841 3191 9
