2700 3800
549 539 586 575 oe
606 522 772 577 Ptsssvnss
953 523 1000 576 153

327 659 397 697 mum
426 643 520 699 locum
546 644 663 706 lambo,
689 661 754 717 qna»
776 644 936 717 propositio
960 655 1001 698 est

324 722 454 778 heretica
475 731 504 777 et
518 721 619 796 impia.
634 722 765 795 Aspicite
784 723 852 777 bene
865 722 935 795 quid
953 740 1000 777 re·

323 801 465 876 spondeas,
475 802 602 857 Domine
615 801 902 875 Nuper-Presidens
915 821 923 854 :
935 819 1000 856 nant

316 879 402 954 fidem
418 898 522 948 meam,
541 897 598 956 ego
607 898 653 935 me
668 880 779 936 inuenio
793 879 862 935 bene
879 880 1001 953 impedi-

323 968 378 1014 tum
393 959 423 1014 in
435 960 609 1016 sustinendis
629 960 688 1016 tuis
710 959 902 1035 argumentis.
923 961 1003 1014 Bene

321 1053 415 1093 uerum
430 1048 483 1107 est,
498 1038 573 1112 quod
582 1037 688 1113 posted
699 1048 729 1093 tu
739 1038 825 1113 ponis
840 1056 926 1093 unam
940 1054 1000 1093 res·

321 1116 471 1182 trititiam,
489 1117 586 1173 dicens
601 1117 677 1191 quod
695 1118 748 1173 hoc
758 1118 884 1192 pertinet
899 1117 1001 1191 impri-

321 1196 372 1252 tuis
383 1196 424 1252 ad
437 1196 598 1253 Concilium
622 1196 800 1258 Universale,
826 1196 898 1272 qnia
919 1196 1002 1251 debet

321 1291 379 1332 esse
403 1293 462 1332 una
484 1275 627 1349 expositio
641 1277 721 1330 eerta
738 1277 812 1332 :sed
830 1276 914 1350 Papa
927 1293 1001 1331 nun-

321 1371 403 1430 quam
418 1354 473 1410 boc
490 1353 680 1430 confitebitur.
703 1356 746 1411 Et
769 1355 885 1429 insuper
907 1365 1002 1411 osten-

321 1432 388 1489 dunt
414 1433 465 1490 isti
490 1432 653 1497 maledicti,
678 1433 754 1507 quod
780 1434 834 1488 vix
861 1444 928 1489 sunt
948 1433 1003 1489 duo

322 1511 604 1587 Concilia(exeeptis
626 1511 687 1569 illis
708 1511 836 1586 antiquis
854 1529 918 1586 qua
938 1520 1004 1567 sunt

321 1590 552 1665 irrefragabilia,
578 1592 646 1664 quia
671 1591 741 1646 nihil
762 1591 897 1647 ordinant
929 1590 1004 1665 quod

321 1687 370 1726 non
398 1669 504 1726 babeat
523 1670 750 1744 fundamentum
777 1671 804 1725 in
830 1668 1003 1743 Scriptura)

321 1765 382 1823 quae
392 1766 448 1805 non
460 1760 527 1805 sunt
539 1749 597 1805 sibi
610 1748 768 1804 contraria.
784 1750 824 1804 Et
842 1748 917 1823 quod
934 1747 1003 1822 plns

322 1839 370 1901 est,
385 1827 534 1903 dequibus
546 1846 601 1883 non
611 1828 754 1903 dispenset
768 1828 894 1903 quotidie
901 1828 1002 1903 Papa:

321 1909 390 1966 adeo
403 1908 480 1984 quod
496 1908 522 1964 si
542 1918 640 1964 uetera
663 1908 797 1966 Concilio
818 1907 956 1977 ualerent,
973 1915 1003 1961 tu

322 2006 373 2045 non
403 1987 524 2044 haberes
553 2004 642 2061 neque
668 2003 795 2043 crossum
831 2004 920 2060 neque
949 1985 1004 2041 mi·

323 2076 406 2123 iram.

356 2147 402 2204 Tu
414 2145 516 2220 adfers
530 2145 617 2200 etiam
626 2161 711 2199 unam
723 2144 918 2200 adulationem
928 2143 1004 2200 Hie·

323 2225 441 2300 ronymi
460 2223 500 2279 ad
521 2223 710 2287 Damasum,
734 2223 772 2279 ad
792 2222 867 2296 quod
887 2238 1003 2296 respon-

323 2303 386 2360 dent
396 2302 529 2371 breuiter,
547 2311 578 2356 ut
589 2311 619 2357 tu
630 2301 729 2358 rideas
738 2301 879 2376 quomodo
892 2300 1005 2355 dixerit

323 2400 419 2439 rerum
448 2380 670 2455 Hieronymus,
701 2380 813 2454 quando
840 2379 1006 2452 dicitquod

323 2463 454 2519 Romana
466 2459 600 2516 Ecclesia
609 2459 826 2535 fueritsemper
839 2458 978 2515 inviolata
994 2477 1002 2512 .·

324 2551 349 2596 et
372 2540 449 2616 quod
476 2538 603 2595 manebit
629 2539 692 2595 sine
719 2539 780 2593 ulla
804 2537 1004 2593 hoereticorum

325 2618 507 2677 insultatione
515 2617 711 2692 prevalente:
722 2615 1006 2690 uisoquodNoratus

319 2699 381 2773 snit
393 2698 430 2754 de
448 2696 582 2754 Ecclesia
610 2698 750 2766 Romana,
768 2706 796 2750 et
815 2694 899 2750 multi
915 2696 1006 2769 Papa

319 2780 444 2850 suerunt
459 2777 586 2843 heretici,
609 2777 684 2832 sicut
704 2776 792 2831 etiam
811 2774 914 2829 hodie:
934 2774 1005 2829 adeo

324 2858 397 2931 quod
416 2855 611 2930 Apocalypsis
626 2856 721 2930 tangit
736 2873 799 2909 eum
815 2853 854 2908 ad
867 2853 1003 2929 digitum,

325 2934 435 3010 quando
447 2934 600 3008 dicitquod
610 2934 699 2990 bestia
708 2933 788 2990 sedet
799 2950 886 3007 super
897 2942 1005 3006 septem

326 3025 442 3072 montes.
