2700 3800
564 548 599 585 ni:
619 530 785 585 Pusssvuus
985 548 1017 587 21

330 657 409 725 liter,
430 672 486 732 ego
503 672 550 711 me
565 654 653 729 posui
666 653 706 709 ad
719 653 919 709 dormiendum
934 671 1023 728 usque

328 736 370 793 ad
397 735 500 791 horam
527 735 682 791 secundam
710 744 762 789 aut
790 734 917 804 tertiam,
947 734 1024 791 sicut

330 816 437 875 scitis:
461 826 490 870 et
511 824 623 869 tantum
642 814 790 889 profunde
811 832 875 871 sum
900 824 1024 870 contem-

327 897 430 973 platus
439 895 581 970 pietatem
597 905 705 951 nostrae
723 896 827 952 matris
841 904 949 951 sanctae
964 896 1024 951 Ec-

331 975 437 1043 clesioe,
453 974 527 1049 quod
537 992 592 1050 ego
604 974 695 1030 cecidi
705 991 793 1049 super
803 991 904 1030 nasum
916 992 1022 1043 meum,

332 1057 408 1115 sicut
419 1072 475 1131 ego
488 1071 538 1111 uos
555 1054 615 1110 uidi
623 1056 730 1129 facere
748 1055 886 1130 quotidie,
911 1064 940 1110 et
954 1054 1024 1110 dor-

333 1135 404 1192 mivi
417 1152 506 1210 super
510 1134 699 1211 prelibatum
711 1152 806 1189 meum
816 1152 927 1191 nasum.
939 1136 1025 1191 Post·

334 1233 369 1272 ea
388 1225 547 1290 extergens
566 1214 663 1271 oculos
685 1232 772 1283 meos,
795 1232 851 1290 ego
876 1214 943 1270 dixi
965 1214 1027 1269 alta

332 1313 421 1354 uoce:
438 1294 594 1361 «Famule
616 1293 689 1352 uude
706 1294 746 1349 ad
762 1311 858 1369 equos,
878 1304 906 1349 et
929 1293 1028 1369 cogita

329 1392 385 1432 -eos
399 1395 430 1444 s,-
451 1384 480 1429 et
494 1374 555 1449 ipse
575 1374 629 1447 ivit
646 1375 686 1430 ad
708 1390 811 1447 equos,·
831 1383 858 1428 et
873 1391 928 1449 ego
942 1372 1010 1429 dixi
1019 1392 1027 1427 ε

337 1475 352 1507 «
369 1453 443 1522 Quis
457 1463 499 1509 est
515 1454 641 1527 infusi»
657 1453 763 1509 Dixit.-
780 1472 795 1505 «
809 1454 879 1529 Ego
894 1470 948 1509 non
969 1452 1029 1509 uidi

336 1533 397 1590 nisi
410 1533 496 1588 istum
507 1533 689 1609 gingolfum,
704 1533 753 1608 qui
761 1532 842 1588 dixit
856 1542 936 1588 tanta
949 1534 1029 1589 mala

336 1614 366 1669 iu
376 1612 502 1687 prandio
517 1613 553 1668 de
567 1612 1027 1688 DominoNuper-Praesidente.»

336 1694 382 1751 Et
401 1708 458 1768 ego
482 1691 518 1748 de
536 1709 676 1768 surgere,
699 1702 727 1748 et
746 1692 786 1748 ivi
806 1694 899 1767 infra,
921 1702 1030 1768 etpost

331 1771 450 1846 aliquot
458 1772 610 1847 proposita
631 1771 783 1842 hincinde,
803 1789 859 1847 ego
874 1771 959 1827 dixi:
976 1791 991 1824 «
1006 1771 1032 1829 0

338 1850 482 1920 Domine,
491 1868 545 1926 pro
562 1850 643 1927 pari,
664 1850 769 1908 dicatis
784 1850 857 1907 mihi
871 1850 898 1908 si
915 1850 1030 1908 uidistis

340 1932 448 1988 librum
466 1931 588 1988 Domini
613 1931 935 2007 Nuper-Praesidentis‚
964 1931 1032 2006 quia

339 2027 397 2088 ego
413 2027 460 2067 me
480 2011 550 2066 bene
564 2021 643 2067 teneo
662 2010 703 2066 ad
720 2022 847 2068 vestrum
857 2010 1033 2086 judicium:

340 2091 392 2148 sed
413 2100 508 2145 tamen
534 2108 590 2166 ego
612 2090 678 2147 ueni
700 2108 849 2166 expresse,
875 2101 907 2146 ut
926 2091 1032 2147 scirem

340 2169 483 2247 quomodo
499 2170 537 2225 sit
543 2170 684 2244 possibile
697 2170 871 2245 respondere
885 2171 923 2226 ad
942 2187 1009 2226 eum
1023 2190 1032 2224 .·

341 2258 395 2306 no's
408 2267 461 2306 non
475 2266 574 2306 sumus
590 2259 649 2305 tam
665 2250 784 2307 subtiles
800 2268 887 2327 quam
904 2267 962 2314 uos,
973 2248 1035 2325 qui

344 2329 443 2387 bibitis
458 2330 592 2404 insonte.
607 2331 694 2406 Rogo
705 2329 805 2399 uosde
812 2341 901 2406 parte
913 2330 979 2400 Dei,
1002 2340 1035 2385 ut

342 2410 441 2468 uelitis
463 2428 510 2466 me
538 2411 647 2480 docere,
671 2407 702 2466 ei
724 2410 899 2482 illuminare,
927 2420 957 2467 et
978 2427 1034 2487 ego

343 2607 375 2651 de
393 2606 532 2664 quelqu’un,
551 2607 803 2663 d'uncheua1,d’uue
824 2606 898 2664 plaic,
917 2607 1037 2653 anciennes

343 2669 423 2728 insons
434 2669 462 2712 de
472 2670 553 2726 parler,
559 2682 588 2712 au
599 2668 644 2713 lieu
653 2669 681 2713 de
692 2668 753 2724 quoi,
766 2681 853 2714 comme
865 2669 914 2726 dei&
925 2670 955 2713 du
964 2677 1038 2726 temps

344 2730 373 2774 de
386 2731 519 2782 passavant,
531 2743 561 2774 on
573 2743 600 2774 ne
612 2729 680 2774 disait
689 2731 740 2788 plus
752 2743 797 2786 que
803 2741 890 2787 penser
900 2731 1037 2788 quelqu’un,

346 2798 369 2835 et
380 2791 408 2836 de
420 2792 441 2835 la
450 2804 492 2835 son
503 2792 584 2849 cogita
595 2804 641 2839 eos.

375 2871 405 2926 (3)
428 2871 501 2915 Istum
521 2871 666 2928 gingolfum.
698 2872 777 2930 Voyez
798 2873 819 2916 le
838 2872 959 2931 Dialogue
979 2873 1038 2917 tres·

1039 391 1054 418 η

342 2932 472 2990 facetieux
480 2931 580 2994 (i'Ulrich
592 2933 619 2984 de
631 2934 725 2989 Hutten,
738 2936 767 2977 οὺ
776 2934 872 2990 figurent
881 2934 937 2979 trois
946 2934 1039 2990 pedants
1054 2988 1058 2997 .
1126 2952 1130 2960 Ι

348 2995 449 3039 ennemis
459 2994 587 3039 d'Erastne:
601 2996 682 3039 Maure
695 2994 829 3053 Gingolphe,
841 2996 922 3041 Maitre
938 2995 1040 3053 Lupolde

346 3055 553 3103 etMaitreortuin
566 3056 602 3117 (N.
613 3056 646 3102 du
658 3054 750 3114 Treui.
826 3085 828 3090 -
