2700 3800
562 515 598 553 os
622 499 788 553 Possumus
998 514 1014 569 7

332 620 563 676 commissionem
575 631 709 688 uestram,
724 635 779 675 non
792 617 964 692 scripsimus
977 619 1016 673 ad

333 708 460 755 uestram
478 698 834 772 Nuper-Prasidentiam,
855 697 890 752 ob
908 696 1015 753 multas

331 776 543 851 peremptorias
562 778 699 835 rationes.
714 776 834 844 Primo,
864 775 933 849 quia
959 791 1015 851 ego

334 855 433 929 magis
450 855 578 911 uolebam
596 865 760 927 expectare,
776 871 863 928 quam
878 853 1016 914 iutimare,

333 944 460 990 uestram
486 933 748 998 Nunc-Abbatiam
759 985 763 990 .
775 933 814 988 ad
838 932 991 987 dimidium
1004 952 1013 985 .·

331 1013 427 1068 sciens
439 1012 514 1085 quod
526 1013 600 1068 sicut
613 1029 662 1069 vos
678 1011 747 1068 estis
761 1020 870 1066 tantum
889 1010 1012 1079 surrilis,

331 1091 408 1166 quod
422 1108 477 1166 ego
491 1109 545 1148 non
557 1108 674 1164 possum
690 1091 785 1145 dicere
798 1089 881 1163 quod,
897 1106 946 1146 uos
958 1091 1014 1165 fip-

332 1171 438 1226 ceretis
453 1170 481 1225 in
490 1180 585 1227 vestro
598 1170 692 1244 capite
706 1169 785 1225 mille
796 1168 964 1243 quaestioncs
977 1168 1015 1226 si·

331 1258 381 1305 cut
401 1249 536 1306 solebatis
548 1249 614 1322 snit
632 1259 746 1322 tempus
760 1247 788 1303 in
804 1247 1012 1305 Parlamento:

332 1328 405 1384 adeo
423 1328 498 1403 quod
512 1328 656 1384 uobiscum
670 1326 853 1401 fastidiretis
866 1343 973 1397 omncs,
987 1338 1014 1382 et

332 1424 387 1461 uon
412 1407 536 1480 possetis
560 1406 687 1463 invenire
711 1405 922 1474 resolutionem,
946 1406 1014 1479 quia

332 1485 394 1540 nac
407 1485 505 1540 omnia
526 1486 632 1561 magis·
644 1495 711 1542 sunt
723 1484 806 1558 sacti
823 1498 908 1557 quam
920 1484 1012 1558 juris.

331 1565 414 1619 Nam
431 1563 459 1618 si
476 1573 570 1620 essent
583 1564 673 1637 juris,
690 1581 739 1621 uos
753 1563 956 1638 intelligeretis
974 1562 1013 1618 ad

331 1642 486 1697 dimidium
498 1642 626 1701 uerbum.
637 1644 739 1718 Itaque
747 1660 804 1718 ego
813 1642 1011 1716 expectabam,

331 1721 420 1776 donec
436 1737 551 1795 possem
573 1722 651 1778 uobis
671 1722 769 1777 omnia
793 1729 959 1794 computare
979 1721 1014 1776 de

329 1809 435 1873 puncto
460 1799 500 1854 ad
527 1810 674 1874 punctum.
705 1799 843 1869 Secundo,
873 1799 942 1874 quia
965 1799 1014 1855 isti

331 1878 460 1934 haretici
480 1878 584 1934 habent
606 1896 694 1935 unam
711 1880 872 1954 practicam
892 1888 951 1934 tam
968 1878 1013 1934 di-

330 1974 445 2013 uersam
466 1975 485 2013 a
504 1967 614 2029 nostra,
635 1958 711 2033 quod
729 1975 785 2033 ego
808 1962 862 2014 mm
879 1967 1012 2031 poteram

327 2036 426 2110 primo
435 2036 491 2091 ictu
499 2031 665 2111 intelligere
672 2037 856 2093 intentionem
867 2037 1012 2111 ipsorum:

330 2125 360 2170 et
373 2114 435 2170 ideo
453 2115 540 2184 (sicut
557 2115 641 2170 habet
661 2115 762 2171 Canon
783 2125 890 2172 nostrae
904 2115 1012 2186 missa)

329 2209 387 2268 ego
404 2193 490 2266 prius
515 2192 583 2248 bene
601 2194 653 2266 fui
677 2193 840 2269 impeditus,
864 2193 939 2251 sicut
966 2212 1013 2249 co·

329 2271 476 2347 gnoscetis
486 2279 562 2345 post.
580 2272 688 2339 Tertio,
705 2272 774 2345 quia
787 2288 836 2329 uos
854 2289 901 2328 me
916 2272 1013 2328 docui·

329 2349 384 2406 stis
392 2350 499 2422 facere
506 2366 658 2424 processus
670 2350 780 2426 longos,
793 2369 850 2427 ego
864 2351 953 2408 etiam
961 2351 1014 2424 fni

331 2428 436 2502 longus
455 2428 484 2484 in
503 2429 559 2485 isto
577 2445 646 2485 casu
657 2448 665 2483 :
678 2429 730 2485 sed
742 2431 795 2486 hoc
811 2447 867 2505 ego
886 2430 950 2484 dico
962 2429 1013 2502 jo-

329 2610 457 2656 dimidium
466 2620 501 2658 est
512 2624 540 2657 ne
551 2613 638 2658 notifier
647 2613 698 2669 qu'l
707 2613 773 2670 demi,
783 2625 810 2657 en
822 2619 883 2657 sorte
892 2613 945 2670 qu'il
955 2613 1013 2660 fsille

330 2685 346 2728 y
359 2673 448 2718 revenit
460 2685 505 2718 une
517 2681 579 2720 autre
593 2674 644 2721 fols.
671 2669 676 2678 '

357 2733 394 2794 (ll
403 2733 460 2779 Bkze
470 2736 529 2780 avait
537 2736 612 2789 ouhlit
624 2748 665 2781 son
680 2735 766 2781 Missel.
777 2735 810 2780 Et
821 2734 875 2780 ideo
884 2736 941 2793 n'est
949 2735 1013 2792 point

330 2794 361 2840 du
374 2793 454 2840 canon
463 2796 520 2842 dela
531 2797 614 2846 Messe,
629 2797 686 2841 mais
697 2796 756 2841 dela
768 2796 858 2840 Prtface
868 2809 874 2840 :
886 2804 908 2841 et
922 2798 969 2841 c'en
978 2804 1013 2840 est

331 2857 352 2900 la
369 2857 488 2902 tansition
505 2871 563 2914 pour
577 2857 641 2902 venir
656 2870 685 2902 au
702 2856 862 2905 SANCTUS:
877 2859 923 2904 ET
934 2858 1013 2902 IDEO

332 2929 383 2961 cum
396 2918 497 2974 Angelis
508 2924 531 2963 et
543 2919 710 2978 Archontius,
719 2931 771 2964 cum
783 2919 887 2964 Turonis
899 2925 923 2964 et
932 2919 1012 2973 Qumi-

331 2979 478 3025 nationibus.
