2700 3800
565 521 602 558 uu
622 503 788 562 Pnssnvnnn
975 502 1025 573 ¹43

329 624 502 702 Scripturas
516 624 559 682 ita
577 624 755 703 intelligere,
775 645 828 683 cur
846 643 902 683 non
923 625 965 681 ita
983 626 1025 681 lo·

330 706 512 781 quebantur?
531 705 593 762 Sed
613 706 697 764 toties
716 707 789 762 dicit
806 706 905 762 Moses
924 725 932 758 :
956 706 1026 761 Non

331 785 421 841 facies
442 785 527 858 quod
540 786 655 842 bonum
673 798 716 842 est
737 786 768 842 in
783 784 876 843 oculis
889 783 957 854 tuis,
975 786 1025 841 sed

331 865 414 938 quod
439 863 583 938 praecepit
603 863 657 920 tibi
674 868 755 923 Deus
778 865 834 921 hoc
856 864 955 922 facite.
981 866 1026 922 Tu

333 944 402 1000 bene
416 944 497 1000 uides
511 942 608 1018 igitur
617 944 694 1019 quod
709 954 740 999 tn
748 944 898 1021 falsificas
909 960 1024 1000 sacram

331 1023 518 1098 Scripturam
530 1040 587 1096 per
601 1032 680 1080 tuam
690 1023 805 1097 salsam
819 1024 944 1099 glesum.
966 1025 1025 1081 Sed

331 1110 360 1157 et
368 1110 521 1178 praeterea
532 1118 598 1156 cum
607 1102 664 1158 ista
675 1103 808 1160 doctrina
822 1119 908 1177 quam
921 1102 1024 1177 desen-

331 1180 385 1250 tis,
401 1180 442 1236 sit
456 1197 498 1236 ex
511 1181 643 1255 opposito
656 1191 758 1238 contra
783 1183 889 1250 Deum,
915 1191 944 1238 tn
963 1182 1025 1256 ipse

328 1277 384 1336 per
417 1260 473 1316 noc
504 1259 614 1315 dictum
643 1278 708 1315 eam
740 1262 929 1326 condemnas,
966 1260 1025 1318 nisi

326 1339 412 1415 prius
434 1338 607 1413 probaveris
631 1338 709 1413 quod
732 1340 881 1414 Papistae‚
919 1339 949 1396 id
979 1351 1024 1398 est

330 1418 483 1474 diabolica
504 1417 677 1486 additiones,
702 1428 769 1474 sunt
798 1419 953 1478 secundnm
968 1420 1022 1494 jus

330 1497 460 1555 diuinum
476 1516 485 1551 :
499 1497 576 1572 quod
589 1506 620 1552 tu
641 1514 697 1553 non
707 1514 809 1571 posses
817 1499 932 1572 jacere.

364 1806 409 1862 Et
419 1804 489 1880 quia
502 1804 693 1861 continuando
707 1804 854 1861 rubricam
867 1821 915 1861 vos
924 1804 1021 1863 dicitis

328 1883 406 1960 quod
432 1893 537 1943 nestrae
564 1884 734 1942 traditiones
759 1903 813 1941 non
838 1895 905 1942 sunt
926 1884 1022 1961 paleae

328 1980 402 2039 quas
414 1964 562 2021 Ieremias
574 1963 645 2020 dicit
656 1981 719 2021 esse
732 1964 885 2020 immixtas
894 1982 951 2041 per
966 1965 1021 2020 tri-

330 2042 430 2111 ticum,
450 2042 503 2099 sed
514 2051 582 2099 sunt
594 2042 688 2117 ipsum
704 2060 841 2118 granum,
859 2044 920 2118 ipse
932 2053 960 2099 te
970 2061 1020 2101 ea·

325 2122 412 2197 piunt
428 2138 486 2197 per
502 2138 535 2177 os
554 2131 643 2190 tuum,
660 2139 890 2197 servenequam,
907 2123 974 2196 quia
989 2133 1019 2179 tu

329 2200 1020 2273 diciscumHieronymohaecesseverbahaereti·

329 2297 441 2349 corum,
469 2281 557 2337 Potes
580 2278 692 2335 imitari
712 2291 886 2352 potestatem
907 2279 971 2351 Dei,
986 2293 1021 2337 ut

329 2360 442 2433 ubsque
460 2370 580 2432 peccato
594 2358 634 2415 sis
657 2373 664 2412 :
687 2357 822 2432 accepisti
836 2358 915 2414 enim
934 2358 1020 2416 liberi

329 2436 447 2495 arbitrii
462 2448 636 2512 potestatem
650 2454 703 2509 per
721 2454 811 2510 quam
830 2438 1020 2510 consequaris

329 2517 411 2590 quod
434 2516 572 2575 volueris.
595 2517 803 2583 Numicum,
824 2517 946 2592 quodsi
968 2518 1021 2575 hoc

329 2612 429 2653 rerum
437 2605 490 2665 est,
500 2605 532 2651 tu
541 2612 596 2653 non
600 2597 874 2671 potesnegarequin
883 2606 943 2653 tota
951 2599 1019 2653 Sor·

331 2674 403 2733 bona
410 2674 450 2733 sit
463 2675 609 2745 haeretiea,
625 2692 690 2748 quae
700 2675 782 2732 docet
796 2676 872 2748 quod
881 2693 938 2750 per
952 2674 1020 2733 libe·

330 2770 395 2811 rum
421 2754 580 2811 arbitrium
602 2764 733 2811 nostrum
749 2755 894 2830 possimus
909 2755 1021 2812 lucrari

358 2946 388 2999 (ι)
401 2948 464 2995 Ceut
473 2961 501 3001 se
511 2960 554 3004 que
565 2948 597 2993 dit
608 2948 665 2993 dans
673 2949 780 3006 quelques
793 2949 889 2994 editions
899 2950 926 2995 de
937 2951 1019 3007 Muros,

330 2995 490 3070 l'tipigrumme
498 3011 530 3057 du
538 3011 678 3059 Seriumne
686 3024 825 3057 amoureux.
