2700 3800
496 558 499 565 .
558 536 592 571 os:
613 520 778 573 Pnssnvnns
958 519 1009 591 187

325 660 448 717 qnorum
479 651 620 714 utrimque
647 651 689 696 est
719 642 1006 715 incongruissimum,

321 733 349 777 et
371 720 659 794 incondignissimum
681 721 756 793 quod
777 731 890 776 resonet
906 720 935 775 in
950 722 1009 777 Ec-

322 800 410 856 clesia
426 800 490 867 Dei,
508 816 571 871 quae
589 799 644 854 scit
663 799 738 872 quod
752 800 880 873 Spiritus
895 809 1009 855 sanctus

323 897 376 934 nou
398 879 487 932 datter
505 877 562 932 uisi
580 878 687 951 gratis,
709 889 736 933 et
761 878 830 950 quia
853 879 894 933 ito
914 879 1010 952 piacet

322 958 386 1013 Deo
397 967 519 1032 propter
527 957 557 1011 F
556 956 637 1011 ilium
652 974 745 1019 suum,
758 958 820 1014 sine
833 957 893 1012 ullo
907 960 1010 1013 merito

322 1047 428 1094 nostro.
457 1035 651 1105 Quamobrem
675 1036 764 1091 etiam
793 1037 906 1111 quando
930 1048 960 1091 tu
983 1046 1010 1091 te

322 1116 473 1171 exclamas
481 1115 555 1170 sicut
568 1131 640 1169 nnus
654 1132 745 1170 caecus
758 1116 807 1189 qui
816 1115 916 1171 amisit
925 1132 1009 1171 suum

324 1195 466 1253 baculum.
484 1194 561 1249 alias
574 1194 688 1267 quando
704 1204 734 1248 tu
748 1193 829 1250 rudis
843 1194 917 1249 sicut
938 1210 1009 1249 unus

323 1274 420 1329 mulus
433 1272 553 1327 incuria
562 1272 674 1327 Palatii
685 1292 693 1325 :
708 1273 758 1328 isti
771 1272 901 1328 haretici
912 1272 1009 1327 dicunt

322 1352 400 1426 quod
414 1361 444 1405 tu
455 1350 546 1407 nescis
558 1360 658 1405 contra
672 1369 755 1424 quem
772 1360 802 1405 tu
817 1349 1009 1425 uanosque

324 1448 406 1487 nemo
421 1438 509 1503 negat
523 1429 625 1484 debere
639 1446 701 1485 esse
712 1429 870 1485 Doctores:
881 1428 932 1485 sed
946 1446 1007 1483 om·

323 1510 519 1575 nesliomines,
539 1509 596 1564 imo
605 1509 694 1563 etiam
706 1509 793 1583 pueri
810 1508 944 1577 clamant,
962 1507 1007 1562 di·

323 1597 418 1643 centes
430 1607 438 1640 .-
458 1587 543 1655 Quod
554 1604 607 1641 non
623 1596 665 1642 est
683 1588 794 1643 Doctor
808 1587 965 1660 quicunque
977 1603 1008 1642 se

321 1666 396 1723 elicit
404 1667 570 1725 Doctorem,
584 1676 611 1720 et
623 1665 706 1720 habet
716 1684 803 1720 uuum
813 1665 924 1740 pileum
934 1666 1008 1721 sicut

323 1763 411 1800 unum
435 1744 586 1818 pastillum
601 1745 638 1798 ad
652 1745 778 1800 calidum
788 1745 1006 1812 salsamentum,

321 1834 351 1879 et
365 1831 449 1898 capnt
460 1823 534 1879 sicut
544 1832 629 1897 eaput
640 1824 774 1879 brassica
785 1823 927 1897 capitata,
936 1822 1007 1876 d’un

323 1904 402 1959 chou
420 1905 509 1958 cabus
523 1903 657 1958 Gallice:
673 1904 725 1958 sed
738 1904 812 1978 quod
827 1903 851 1958 is
862 1913 905 1958 est
920 1902 1008 1957 bonus

322 1982 494 2057 Doctor,qui
499 1981 550 2036 dat
558 1982 820 2056 interpretationem
828 1983 1006 2055 conformem

323 2061 492 2134 Scripturis,
510 2071 538 2115 et
563 2061 722 2116 tendentem
744 2062 783 2116 ad
804 2061 932 2136 gloriam
952 2077 1006 2115 non

321 2142 420 2215 Papae.
438 2139 489 2196 sed
500 2140 566 2208 Dei,
581 2141 698 2196 etiamsi
718 2158 772 2195 nou
793 2140 832 2195 sit
855 2139 1007 2214 Sinapiro·

323 2236 384 2288 rus,
402 2219 477 2274 sicut
490 2219 641 2294 Magister
655 2228 752 2276 noster
772 2219 807 2274 de
829 2220 943 2274 Gouea:
958 2235 1006 2273 ne·

351 2352 378 2410 li]
394 2351 457 2395 Dans
466 2350 589 2394 l'Histoire
598 2349 786 2406 Ecclesiasthue
799 2350 827 2393 de
841 2349 906 2404 Beze,
915 2357 969 2395 tom.
986 2361 1006 2395 1.

323 2425 375 2468 pag.
391 2411 443 2469 693,
456 2397 562 2467 l'llveque
576 2411 604 2455 de
619 2411 715 2455 Valence
726 2412 780 2455 Jean
794 2412 821 2454 de
838 2412 936 2462 Monluc,
946 2413 1007 2454 etant

324 2487 352 2518 au
363 2474 470 2529 sonoque
484 2473 511 2516 de
522 2473 608 2530 Poissy,
628 2475 661 2530 s'y
671 2473 763 2530 plaintl
779 2473 836 2517 Beze
845 2474 872 2516 de
881 2486 905 2516 ce
918 2486 961 2529 que
973 2473 1006 2516 les

324 2533 491 2589 Sorbonnistes,
501 2542 655 2590 entreprenant
667 2547 706 2578 sur
720 2548 760 2578 son
770 2535 864 2578 autoritt
873 2535 1006 2590 episcopale,

322 2597 419 2650 avaient,
428 2595 500 2651 dit-il,
510 2595 526 2639 ἁ
536 2596 694 2640 l'ombred'un
699 2596 781 2652 patei
792 2597 817 2639 la
827 2608 898 2640 saucc
907 2595 1005 2649 claude,

323 2659 445 2703 condamnt
455 2671 485 2702 un
495 2658 542 2702 sien
553 2657 614 2710 livre,
626 2670 666 2713 par
674 2658 706 2700 lui
715 2657 754 2701 fait
764 2670 819 2713 pour
828 2671 869 2701 son
879 2657 965 2715 Clergt.
973 2657 1005 2703 La

324 2719 413 2764 berette
431 2719 458 2762 de
480 2719 576 2762 Docteur
594 2719 653 2762 avait
670 2721 692 2762 la
710 2720 779 2774 figure
796 2719 861 2762 d'une
879 2723 959 2762 tourte
976 2717 1006 2761 dc

323 2782 423 2825 uiande:
433 2781 471 2836 qui
482 2788 515 2823 est
529 2793 553 2822 ce
570 2781 720 2836 qu'autreiois,
738 2781 758 2835 je
770 2793 845 2834 pense,
861 2793 891 2824 on
909 2781 1007 2836 appelait

324 2855 355 2886 un
363 2842 421 2899 pnite
431 2843 445 2884 o
457 2844 481 2886 la
497 2853 567 2885 sance
576 2842 675 2886 claude.
687 2842 723 2886 Du
733 2849 790 2885 reste
800 2841 887 2885 olivier
895 2842 1005 2894 Maillard,

324 2902 395 2947 Serm.
419 2903 453 2946 13.
473 2911 495 2946 et
515 2903 572 2964 suiv.
599 2903 626 2946 de
643 2903 739 2953 lovem,
756 2903 850 2959 emploie
872 2905 1005 2953 souvenm

323 2965 437 3021 l'cxemplc
450 2965 489 3008 des
509 2964 622 3009 Ecrivains
638 2965 664 3007 de
685 2967 706 3008 la
723 2965 788 3007 basse
805 2965 908 3019 Latinite,
925 2966 945 3008 le
959 2972 1006 3008 mot

322 3028 438 3081 ¹nostillns
447 3026 502 3069 datis
510 3028 531 3069 la
540 3026 686 3084 signification
696 3027 747 3070 d'un
756 3026 819 3081 peili.
