2700 3800
563 507 600 546 66
618 489 784 547 Ρ66666666
983 510 1020 565 99

323 618 457 694 pertinet
469 615 509 672 66
517 615 709 692 propositum.
725 613 803 685 Quia
820 631 935 693 semper
950 631 1021 691 opus

327 699 388 772 suit
403 695 720 771 utDeushocsaeeret,
730 704 758 752 et
771 712 886 770 semper
891 695 980 768 fecit,
993 705 1021 750 et

321 776 421 854 saciet
447 775 477 832 in
504 775 603 832 electis
622 775 693 845 suis,
720 775 830 850 alioqui
854 775 923 831 Lex
948 783 1022 830 esset

328 873 445 932 semper
458 855 547 912 litera
564 853 706 911 occidens.
726 854 787 912 Sed
805 871 855 911 nos
869 871 923 910 non
941 853 1022 911 scitis

325 937 394 1014 plus
405 936 442 992 cle
454 935 550 992 literae
560 933 730 1010 differentia
743 943 772 990 et
784 934 914 1010 spiritus,
929 933 1022 1010 Legis

330 1026 357 1072 et
369 1013 544 1090 Evangelii,
558 1030 647 1089 quum
663 1030 735 1070 unns
750 1014 841 1080 idiota
855 1013 930 1089 quod
942 1013 1018 1070 estis.

329 1097 371 1154 Et
391 1111 483 1170 super
506 1094 567 1164 lcoc,
596 1092 737 1150 dixerunt
757 1093 830 1150 milri
843 1093 937 1150 multa
959 1110 1024 1170 quae

329 1194 385 1234 non
413 1171 626 1250 intelligebam,
654 1183 684 1229 et
701 1172 790 1229 etiam
818 1190 883 1248 quae
906 1189 955 1229 nos
968 1190 1023 1228 non

330 1252 539 1332 intelligeretis
561 1251 660 1330 magis
682 1271 770 1328 quam
795 1253 915 1330 elegans
939 1252 1024 1309 Lati·

331 1351 410 1406 num,
425 1343 480 1390 aut
503 1331 649 1402 Graecum,
666 1342 719 1389 aut
734 1331 907 1402 Hebraeum,
925 1331 955 1389 id
970 1341 1021 1401 est,

331 1414 451 1492 linguas
471 1411 674 1470 hereticorum
696 1411 799 1488 quibus
818 1412 961 1487 scriptum
982 1420 1025 1469 est

332 1504 490 1569 utrumque
513 1491 739 1550 Testamentum.
762 1493 851 1569 Ergo
869 1501 1024 1584 postquam

332 1573 462 1631 maleest
472 1580 649 1630 sustentatus
660 1571 919 1642 uestercnnrculus,
929 1589 1024 1647 seque

334 1651 469 1730 turquod
481 1661 573 1708 totum
587 1651 668 1708 uadit
681 1652 767 1709 male.
777 1652 821 1709 Et
829 1651 930 1726 quod
919 1661 962 1707 ita
973 1651 1024 1720 sit,

333 1729 852 1806 dicuntdeomnilusquaedieiscap.
860 1747 941 1799 nono,
951 1694 1027 1806 quoi

328 1811 472 1886 jaciunt
459 1809 556 1867 minus
566 1809 606 1866 ad
615 1811 798 1903 propositum
812 1828 899 1885 quam
911 1808 1027 1883 Magni-

333 1889 456 1949 1166666
464 1887 641 1949 Matutinas.
656 1890 735 1963 Quia
746 1890 834 1948 etiam
848 1909 873 1949 si
870 1890 962 1966 fecit
974 1889 1027 1947 Je-

334 1970 490 2031 susmulta
501 1986 568 2047 quoe
581 1987 636 2027 non
647 1980 715 2028 sunt
723 1970 843 2047 scripta
860 1980 890 2027 et
901 1970 1027 2045 suerunt

336 2050 508 2107 traditiones
523 2048 655 2125 aliqua·
644 2067 673 2106 tn
688 2049 831 2121 Ecclesia,
856 2059 952 2106 tamen
975 2048 1028 2106 ltoc

336 2228 362 2273 66
372 2234 430 2273 66166
445 2226 547 2273 11666166.
564 2226 635 2284 11666,
645 2227 703 2273 dans
722 2227 865 2272 6661666666
881 2210 1028 2283 1166666616-

335 2290 407 2347 666116
416 2290 487 2335 66616
499 2288 564 2335 (ndu
582 2288 622 2333 116.
639 2288 679 2334 666
696 2273 786 2345 11616666
802 2289 830 2334 66
841 2302 866 2333 66
885 2288 993 2334 dernier:
1007 2288 1029 2331 le

333 2352 514 2408 1666666666
528 2362 575 2408 que
590 2362 649 2396 uous
665 2350 752 2406 m'arez
771 2348 962 2396 recommends..
982 2349 1028 2394 de-

338 2426 416 2459 666666
423 2412 640 2472 presentcmenten
656 2412 783 2462 sorbonne,
796 2425 827 2457 on
841 2405 994 2470 pluteitdans
1006 2413 1029 2455 le

339 2476 376 2521 lac
392 2475 534 2523 8666661666
554 2485 599 2520 car
614 2475 643 2531 je
667 2475 727 2532 puls
745 2487 803 2520 avec
816 2475 910 2532 justice
929 2474 1029 2531 appeler

339 2538 402 2585 ainsi
413 2538 436 2583 le
445 2537 531 2595 661666
539 2537 569 2582 de
580 2548 618 2582 ces
631 2536 757 2594 sophistes.
771 2537 806 2581 De
815 2538 837 2581 11
848 2535 909 2581 vient
920 2548 963 2592 que
975 2549 1028 2593 par-

340 2607 387 2645 tout
396 2602 427 2645 611
442 2600 465 2644 16
475 2598 589 2645 Ralelot's
598 2599 626 2644 66
643 2599 718 2654 Dolet,
728 2605 751 2642 et
762 2605 838 2642 autres
856 2597 953 2643 editions
965 2600 1029 2643 6666-

341 2662 424 2707 6166666
434 2661 504 2707 116666
518 2673 550 2706 66
568 2660 701 2707 Sorboniste
719 2673 749 2704 ou
768 2659 915 2716 Theologien,
932 2660 964 2704 166
981 2661 1029 2705 661-

341 2722 399 2769 11666
408 2722 526 2769 enitentes
542 2722 610 2768 lisent
626 2720 740 2779 Sophiste.
758 2722 796 2766 Du
815 2728 875 2766 reste
890 2728 946 2766 66666
957 2724 1030 2780 lettre,

342 2788 377 2843 66,
386 2785 432 2831 soit
441 2784 476 2831 dit
490 2797 519 2829 en
529 2791 630 2843 pessunt,
642 2791 698 2829 cette
711 2783 782 2828 tirsde
793 2791 871 2828 contre
882 2784 903 2827 la
913 2784 1032 2831 Sorbonne

342 2846 501 2917 euterpe-{mee
514 2859 543 2891 66
559 2845 626 2903 Grec,
638 2853 674 2891 est
691 2845 807 2891 d'environ
824 2846 909 2889 l'snnee
928 2846 992 2903 1517,
1009 2854 1031 2891 et

342 2906 407 2965 61661,
425 2906 539 2953 1611661166
554 2908 582 2952 66
599 2908 723 2953 Sorlonne
740 2907 754 2951 6
770 2907 809 2951 166
825 2907 958 2952 Sorbonide
974 2909 1031 2952 n'est

343 2968 404 3025 point
413 2976 562 3026 proprement
573 2969 601 3015 de
618 2968 731 3023 lichenis,
743 2967 828 3025 quoiqu
828 2967 850 3013 ’11
859 2968 873 3013 1’
874 2969 906 3013 616
916 2969 1032 3027 employee

301 3030 308 3041 '
342 3030 444 3089 mehap.
455 3029 624 3077 3166116666.
