2700 3800
503 510 538 547 os
559 493 725 548 Pnssnvsns
922 511 959 565 49

263 618 306 673 ad
334 616 480 673 Victorem
505 616 629 691 Papam,
653 625 687 672 ut
704 625 784 672 uocet
805 632 884 684 eum,
902 614 959 671 fra·

263 710 354 768 trem,
372 714 426 752 non
448 705 546 752 autem
563 695 721 752 dominum
740 707 886 764 nostrum,
903 705 958 753 etc.

266 777 380 834 Eccles.
397 775 501 832 histor.
519 775 567 833 lib.
581 778 613 831 5.
628 792 690 850 cap.
710 787 761 843 24.

303 876 319 910 n
339 857 444 930 ltaque
466 865 498 911 ut
519 872 574 931 ego
594 856 699 930 paucis
720 854 815 911 dicam
838 854 960 926 (dicebat

265 936 324 992 iste
344 934 516 1008 hereticus),
537 952 594 1011 ego
602 935 718 1010 saciam
734 953 821 991 unum
839 936 955 1004 librum,

265 1016 294 1073 si
307 1015 454 1071 Dominus
464 1015 596 1084 voluerit,
614 1014 714 1089 inquo
724 1014 863 1091 probabo,
883 1015 959 1090 quod

265 1095 349 1151 nulla
363 1104 407 1152 est
416 1094 532 1171 pagina
549 1094 664 1151 Veteris
682 1105 734 1150 aut
754 1094 834 1151 Novi
852 1095 957 1152 Testa-

264 1175 368 1246 menti,
397 1192 462 1250 quae
487 1174 603 1231 nonsit
627 1192 693 1231 cum
717 1174 853 1230 horribili
881 1174 957 1231 blas·

260 1254 394 1329 phemio,
420 1264 559 1329 corrupta
580 1254 708 1315 abistis
725 1253 846 1328 soetidis
867 1253 958 1328 Papis

263 1333 485 1391 Antichristis:
520 1351 644 1409 qnorum
676 1344 809 1391 stercora
837 1332 958 1407 collegit

266 1414 429 1470 Gratianus
444 1413 572 1471 insuam
588 1413 738 1484 latrinam,
756 1430 842 1489 quam
856 1422 958 1469 vocant

263 1494 435 1563 Decretum,
453 1493 482 1549 in
496 1510 552 1569 quo
565 1502 661 1550 tamen
674 1503 742 1549 sunt
754 1492 855 1548 multae
864 1492 957 1567 pecioe

265 1573 348 1629 bonae
362 1583 492 1643 monetae,
513 1589 636 1648 quarum
649 1571 806 1649 fortunam
828 1588 884 1649 ego
904 1573 955 1628 do-

215 1678 218 1683 ·
264 1652 318 1723 leo,
331 1651 507 1728 sicutsupra
521 1651 674 1708 dicebam:
698 1652 766 1727 quia
780 1652 847 1725 suit
865 1650 956 1707 sacri-

263 1731 376 1807 legium
398 1748 539 1807 magnum
553 1749 664 1806 ponere
683 1731 776 1787 multa
792 1731 864 1786 bona
877 1733 954 1787 Doc-

265 1822 362 1867 torum
376 1810 562 1886 antiquorum
580 1812 655 1867 inter
669 1810 739 1867 istas
753 1811 864 1867 sordes.

300 1913 316 1945 n
329 1892 372 1948 Et
390 1890 452 1947 haec
470 1889 585 1965 quidem
605 1890 640 1947 de
660 1890 800 1948 Dreketo.
816 1890 865 1946 Ad
880 1890 953 1946 Dre-

262 1971 371 2029 ketalia
385 1971 535 2029 veniamus
549 1982 577 2027 et
588 1971 663 2028 alios
685 1971 775 2028 libros
795 1980 950 2044 sequentes,

261 2053 298 2108 de
311 2051 414 2127 quibus
426 2068 509 2108 nemo
523 2051 629 2126 estqui
644 2052 754 2107 nesciat
766 2049 952 2125 prouerbium

261 2131 337 2207 quod
350 2130 458 2186 dicitur
474 2130 655 2205 :Postquam
674 2132 834 2187 Decretum
853 2129 954 2185 habuit

260 2211 335 2279 alas,
364 2219 453 2267 totum
478 2209 617 2266 mundum
631 2211 731 2284 suisse
754 2209 948 2266 maledictum.

259 2293 304 2346 Et
325 2291 459 2365 profecto
486 2289 554 2344 bene
576 2307 732 2364 possumus
754 2290 852 2345 dicere
877 2287 953 2363 quod

258 2371 320 2426 sint
347 2369 514 2446 Evangelia
540 2370 732 2439 Antichristi,
767 2379 795 2425 et
821 2379 952 2424 stercora

230 2502 232 2506 ,
259 2467 325 2525 quie
338 2448 474 2506 diabolus
484 2449 593 2505 vomuit
607 2468 664 2524 per
677 2449 819 2524 foetidum
839 2448 950 2504 os-Pa-

255 2546 366 2602 parum
379 2528 458 2602 (quia
472 2546 504 2584 os
517 2530 609 2603 Papa
624 2538 652 2584 et
666 2529 747 2584 culus
764 2523 872 2601 diaboli
884 2535 952 2583 sunt

260 2608 288 2662 in
300 2608 399 2665 eodem
406 2608 651 2683 praedicamento),
662 2627 733 2683 quos
742 2607 949 2663 constatetiam

286 2827 291 2876 t
296 2826 314 2879 1)
330 2823 428 2868 Stercus
440 2824 520 2880 Papae,
534 2837 564 2868 ou
581 2824 601 2866 le
613 2835 666 2866 nom
686 2823 740 2866 dont
758 2821 848 2878 Luther,
861 2822 948 2867 declaret

258 2893 334 2931 contre
344 2887 364 2928 le
377 2886 446 2942 Pape,
463 2886 613 2930 s'accoutuma
625 2886 638 2928 tl
650 2883 751 2940 qualifier
761 2885 794 2926 les
811 2884 947 2933 Decretales.

255 2949 336 3054 {333}
349 2961 386 2992 ses
406 2948 540 3004 Colloques,
560 2947 616 3002 in·8,
636 2954 695 3002 part.
719 2959 737 3001 t,
754 2959 783 2990 au
802 2946 885 2991 teuittet
907 2958 944 2999 ¹4¹

869 3121 880 3164 5
