<?xml version="1.0" encoding="UTF-8"?>
<!DOCTYPE html PUBLIC "-//W3C//DTD XHTML 1.0 Transitional//EN"
    "http://www.w3.org/TR/xhtml1/DTD/xhtml1-transitional.dtd">
<html xmlns="http://www.w3.org/1999/xhtml" xml:lang="en" lang="en">
 <head>
  <title>
</title>
<meta http-equiv="Content-Type" content="text/html;charset=utf-8" />
  <meta name='ocr-system' content='tesseract 3.04.00' />
  <meta name='ocr-capabilities' content='ocr_page ocr_carea ocr_par ocr_line ocrx_word'/>
</head>
<body>
  <div class='ocr_page' id='page_1' title='image "./lepassavantdeth00goog_0190.png"; bbox 0 0 2700 3800; ppageno 0'>
   <div class='ocr_carea' id='block_1_1' title="bbox 561 357 1017 456">
    <p class='ocr_par' dir='ltr' id='par_1_1' title="bbox 561 357 1017 456">
     <span class='ocr_line' id='line_1_1' title="bbox 561 357 1017 456; baseline 0.002 -20"><span class='ocrx_word' id='word_1_1' title='bbox 561 399 598 436; x_wconf 72' lang='lat' dir='ltr'><em>ns</em></span> <span class='ocrx_word' id='word_1_2' title='bbox 617 357 782 437; x_wconf 70' lang='lat' dir='ltr'><em>Pussuim</em></span> <span class='ocrx_word' id='word_1_3' title='bbox 967 399 1017 456; x_wconf 89' lang='lat'><em>177</em></span> 
     </span>
    </p>
   </div>
   <div class='ocr_carea' id='block_1_2' title="bbox 324 502 1019 1054">
    <p class='ocr_par' dir='ltr' id='par_1_2' title="bbox 324 502 1019 1054">
     <span class='ocr_line' id='line_1_2' title="bbox 324 502 1019 580; baseline -0.003 -19"><span class='ocrx_word' id='word_1_4' title='bbox 324 504 485 580; x_wconf 74' lang='lat' dir='ltr'><em>fructibus,</em></span> <span class='ocrx_word' id='word_1_5' title='bbox 505 519 525 558; x_wconf 91' lang='lat' dir='ltr'><em>a</em></span> <span class='ocrx_word' id='word_1_6' title='bbox 543 502 646 578; x_wconf 77' lang='lat' dir='ltr'><em>qruibus</em></span> <span class='ocrx_word' id='word_1_7' title='bbox 665 502 801 561; x_wconf 78' lang='lat' dir='ltr'><em>Christus</em></span> <span class='ocrx_word' id='word_1_8' title='bbox 815 503 902 579; x_wconf 83' lang='lat' dir='ltr'><em>jubet</em></span> <span class='ocrx_word' id='word_1_9' title='bbox 917 513 949 559; x_wconf 85' lang='lat' dir='ltr'><em>nt</em></span> <span class='ocrx_word' id='word_1_10' title='bbox 968 518 1019 559; x_wconf 86' lang='lat' dir='ltr'><em>nos</em></span> 
     </span>
     <span class='ocr_line' id='line_1_3' title="bbox 330 581 1019 659; baseline -0.006 -18"><span class='ocrx_word' id='word_1_11' title='bbox 330 598 541 659; x_wconf 76' lang='lat' dir='ltr'><em>cognoscamus</em></span> <span class='ocrx_word' id='word_1_12' title='bbox 552 598 608 638; x_wconf 75' lang='lat' dir='ltr'><em>eos</em></span> <span class='ocrx_word' id='word_1_13' title='bbox 625 582 713 638; x_wconf 88' lang='lat' dir='ltr'><em>Patet</em></span> <span class='ocrx_word' id='word_1_14' title='bbox 719 582 817 652; x_wconf 84' lang='lat' dir='ltr'><em>etiam,</em></span> <span class='ocrx_word' id='word_1_15' title='bbox 829 583 897 657; x_wconf 84' lang='lat' dir='ltr'><em>quia</em></span> <span class='ocrx_word' id='word_1_16' title='bbox 905 581 1019 658; x_wconf 84' lang='lat' dir='ltr'><em>quando</em></span> 
     </span>
     <span class='ocr_line' id='line_1_4' title="bbox 327 662 1015 738; baseline -0.003 -20"><span class='ocrx_word' id='word_1_17' title='bbox 327 662 469 738; x_wconf 80' lang='lat' dir='ltr'><em>probatur</em></span> <span class='ocrx_word' id='word_1_18' title='bbox 478 678 578 716; x_wconf 87' lang='lat' dir='ltr'><em>eorum</em></span> <span class='ocrx_word' id='word_1_19' title='bbox 589 662 729 730; x_wconf 86' lang='lat' dir='ltr'><em>doctrina,</em></span> <span class='ocrx_word' id='word_1_20' title='bbox 739 662 894 721; x_wconf 85' lang='lat' dir='ltr'><em>seeundum</em></span> <span class='ocrx_word' id='word_1_21' title='bbox 906 662 1015 718; x_wconf 86' lang='lat' dir='ltr'><em>dietum</em></span> 
     </span>
     <span class='ocr_line' id='line_1_5' title="bbox 329 739 1017 816; baseline -0.004 -17"><span class='ocrx_word' id='word_1_22' title='bbox 329 742 419 799; x_wconf 82' lang='lat' dir='ltr'><em>Pauli</em></span> <span class='ocrx_word' id='word_1_23' title='bbox 446 760 455 795; x_wconf 89' lang='grc'><em>.·</em></span> <span class='ocrx_word' id='word_1_24' title='bbox 490 740 600 797; x_wconf 85' lang='lat' dir='ltr'><em>Omnia</em></span> <span class='ocrx_word' id='word_1_25' title='bbox 633 742 765 812; x_wconf 82' lang='lat' dir='ltr'><em>probate,</em></span> <span class='ocrx_word' id='word_1_26' title='bbox 793 740 907 814; x_wconf 80' lang='lat' dir='ltr'><em>ipsimet</em></span> <span class='ocrx_word' id='word_1_27' title='bbox 928 739 1017 816; x_wconf 86' lang='lat' dir='ltr'><em>pueri</em></span> 
     </span>
     <span class='ocr_line' id='line_1_6' title="bbox 329 819 1016 894; baseline -0.003 -17"><span class='ocrx_word' id='word_1_28' title='bbox 329 819 425 877; x_wconf 83' lang='lat' dir='ltr'><em>uident</em></span> <span class='ocrx_word' id='word_1_29' title='bbox 436 819 635 877; x_wconf 86' lang='lat' dir='ltr'><em>crassissimos</em></span> <span class='ocrx_word' id='word_1_30' title='bbox 649 836 773 887; x_wconf 84' lang='lat' dir='ltr'><em>errores,</em></span> <span class='ocrx_word' id='word_1_31' title='bbox 788 830 816 875; x_wconf 89' lang='lat' dir='ltr'><em>et</em></span> <span class='ocrx_word' id='word_1_32' title='bbox 825 830 885 875; x_wconf 90' lang='lat' dir='ltr'><em>tam</em></span> <span class='ocrx_word' id='word_1_33' title='bbox 894 835 1016 894; x_wconf 80' lang='lat' dir='ltr'><em>grossas</em></span> 
     </span>
     <span class='ocr_line' id='line_1_7' title="bbox 330 897 1019 975; baseline 0 -21"><span class='ocrx_word' id='word_1_34' title='bbox 330 899 505 974; x_wconf 82' lang='lat' dir='ltr'><em>impietates,</em></span> <span class='ocrx_word' id='word_1_35' title='bbox 521 898 597 974; x_wconf 85' lang='lat' dir='ltr'><em>quod</em></span> <span class='ocrx_word' id='word_1_36' title='bbox 610 897 745 954; x_wconf 82' lang='lat' dir='ltr'><em>diabobus</em></span> <span class='ocrx_word' id='word_1_37' title='bbox 758 898 819 973; x_wconf 88' lang='lat' dir='ltr'><em>ipse</em></span> <span class='ocrx_word' id='word_1_38' title='bbox 832 899 916 955; x_wconf 85' lang='lat' dir='ltr'><em>babet</em></span> <span class='ocrx_word' id='word_1_39' title='bbox 923 899 1019 975; x_wconf 88' lang='lat' dir='ltr'><em>pudo·</em></span> 
     </span>
     <span class='ocr_line' id='line_1_8' title="bbox 332 977 542 1054; baseline 0 -20"><span class='ocrx_word' id='word_1_40' title='bbox 332 996 393 1035; x_wconf 89' lang='lat' dir='ltr'><em>rem</em></span> <span class='ocrx_word' id='word_1_41' title='bbox 407 977 446 1034; x_wconf 85' lang='lat' dir='ltr'><em>de</em></span> <span class='ocrx_word' id='word_1_42' title='bbox 460 978 542 1054; x_wconf 89' lang='lat' dir='ltr'><em>ipsis.</em></span> 
     </span>
    </p>
   </div>
   <div class='ocr_carea' id='block_1_3' title="bbox 310 1215 1025 2948">
    <p class='ocr_par' dir='ltr' id='par_1_3' title="bbox 310 1215 1025 2948">
     <span class='ocr_line' id='line_1_9' title="bbox 364 1215 1019 1291; baseline -0.003 -19"><span class='ocrx_word' id='word_1_43' title='bbox 364 1215 1019 1291; x_wconf 81' lang='lat' dir='ltr'><em>SecundosicargumentaturDomiuusNuuc-</em></span> 
     </span>
     <span class='ocr_line' id='line_1_10' title="bbox 331 1293 1020 1369; baseline -0.004 -18"><span class='ocrx_word' id='word_1_44' title='bbox 331 1294 438 1365; x_wconf 81' lang='lat' dir='ltr'><em>Abbas,</em></span> <span class='ocrx_word' id='word_1_45' title='bbox 449 1293 490 1349; x_wconf 91' lang='lat' dir='ltr'><em>ad</em></span> <span class='ocrx_word' id='word_1_46' title='bbox 498 1294 679 1369; x_wconf 81' lang='lat' dir='ltr'><em>probandum</em></span> <span class='ocrx_word' id='word_1_47' title='bbox 690 1293 767 1369; x_wconf 82' lang='lat' dir='ltr'><em>quod</em></span> <span class='ocrx_word' id='word_1_48' title='bbox 780 1295 833 1350; x_wconf 81' lang='lat' dir='ltr'><em>boe</em></span> <span class='ocrx_word' id='word_1_49' title='bbox 840 1294 969 1368; x_wconf 76' lang='lat' dir='ltr'><em>pertinet</em></span> <span class='ocrx_word' id='word_1_50' title='bbox 981 1294 1020 1350; x_wconf 84' lang='lat' dir='ltr'><em>ad</em></span> 
     </span>
     <span class='ocr_line' id='line_1_11' title="bbox 331 1374 1020 1449; baseline -0.003 -18"><span class='ocrx_word' id='word_1_51' title='bbox 331 1375 496 1431; x_wconf 84' lang='lat' dir='ltr'><em>Romanum</em></span> <span class='ocrx_word' id='word_1_52' title='bbox 515 1376 671 1448; x_wconf 69' lang='lat' dir='ltr'><em>presulem</em></span> <span class='ocrx_word' id='word_1_53' title='bbox 689 1394 698 1429; x_wconf 74' lang='grc' dir='ltr'><strong><em>ε</em></strong></span> <span class='ocrx_word' id='word_1_54' title='bbox 716 1375 924 1448; x_wconf 87' lang='lat' dir='ltr'><em>Interpretatio</em></span> <span class='ocrx_word' id='word_1_55' title='bbox 943 1374 1020 1449; x_wconf 82' lang='lat' dir='ltr'><em>legis</em></span> 
     </span>
     <span class='ocr_line' id='line_1_12' title="bbox 328 1452 1022 1529; baseline -0.001 -21"><span class='ocrx_word' id='word_1_56' title='bbox 328 1453 494 1529; x_wconf 75' lang='lat' dir='ltr'><em>pertinebat</em></span> <span class='ocrx_word' id='word_1_57' title='bbox 519 1453 559 1508; x_wconf 86' lang='lat' dir='ltr'><em>ad</em></span> <span class='ocrx_word' id='word_1_58' title='bbox 581 1470 727 1511; x_wconf 89' lang='lat' dir='ltr'><em>summum</em></span> <span class='ocrx_word' id='word_1_59' title='bbox 755 1452 952 1523; x_wconf 80' lang='lat' dir='ltr'><em>Sacerdotem,</em></span> <span class='ocrx_word' id='word_1_60' title='bbox 971 1452 1022 1528; x_wconf 84' lang='lat' dir='ltr'><em>qui</em></span> 
     </span>
     <span class='ocr_line' id='line_1_13' title="bbox 310 1527 1018 1609; baseline -0.001 -22"><span class='ocrx_word' id='word_1_61' title='bbox 310 1527 391 1608; x_wconf 76' lang='lat' dir='ltr'><em>&#39;suit</em></span> <span class='ocrx_word' id='word_1_62' title='bbox 412 1541 502 1608; x_wconf 78' lang='lat' dir='ltr'><em>typus</em></span> <span class='ocrx_word' id='word_1_63' title='bbox 519 1532 646 1589; x_wconf 87' lang='lat' dir='ltr'><em>Romani</em></span> <span class='ocrx_word' id='word_1_64' title='bbox 665 1532 812 1607; x_wconf 85' lang='lat' dir='ltr'><em>praesuiis.</em></span> <span class='ocrx_word' id='word_1_65' title='bbox 833 1534 919 1609; x_wconf 79' lang='lat' dir='ltr'><em>Ergo</em></span> <span class='ocrx_word' id='word_1_66' title='bbox 938 1532 1018 1607; x_wconf 74' lang='lat' dir='ltr'><em>giuc.</em></span> 
     </span>
     <span class='ocr_line' id='line_1_14' title="bbox 331 1611 1022 1685; baseline -0.006 -16"><span class='ocrx_word' id='word_1_67' title='bbox 331 1612 421 1669; x_wconf 88' lang='lat' dir='ltr'><em>Patet</em></span> <span class='ocrx_word' id='word_1_68' title='bbox 441 1612 538 1685; x_wconf 82' lang='lat' dir='ltr'><em>major</em></span> <span class='ocrx_word' id='word_1_69' title='bbox 565 1628 607 1667; x_wconf 79' lang='lat' dir='ltr'><em>ex</em></span> <span class='ocrx_word' id='word_1_70' title='bbox 630 1611 720 1669; x_wconf 89' lang='lat' dir='ltr'><em>Deut.</em></span> <span class='ocrx_word' id='word_1_71' title='bbox 746 1612 950 1685; x_wconf 79' lang='lat' dir='ltr'><em>17.Primum</em></span> <span class='ocrx_word' id='word_1_72' title='bbox 974 1627 1022 1666; x_wconf 90' lang='lat' dir='ltr'><em>re·</em></span> 
     </span>
     <span class='ocr_line' id='line_1_15' title="bbox 331 1690 1022 1767; baseline -0.003 -20"><span class='ocrx_word' id='word_1_73' title='bbox 331 1690 481 1766; x_wconf 84' lang='lat' dir='ltr'><em>spondent,</em></span> <span class='ocrx_word' id='word_1_74' title='bbox 497 1691 624 1747; x_wconf 83' lang='lat' dir='ltr'><em>Domine</em></span> <span class='ocrx_word' id='word_1_75' title='bbox 640 1693 739 1760; x_wconf 74' lang='lat' dir='ltr'><em>Peme,</em></span> <span class='ocrx_word' id='word_1_76' title='bbox 755 1690 832 1767; x_wconf 81' lang='lat' dir='ltr'><em>quod</em></span> <span class='ocrx_word' id='word_1_77' title='bbox 849 1690 926 1746; x_wconf 89' lang='lat' dir='ltr'><em>iocus</em></span> <span class='ocrx_word' id='word_1_78' title='bbox 939 1690 1022 1745; x_wconf 89' lang='lat' dir='ltr'><em>Deu-</em></span> 
     </span>
     <span class='ocr_line' id='line_1_16' title="bbox 333 1769 1023 1844; baseline -0.003 -19"><span class='ocrx_word' id='word_1_79' title='bbox 333 1769 477 1827; x_wconf 87' lang='lat' dir='ltr'><em>teronomi</em></span> <span class='ocrx_word' id='word_1_80' title='bbox 502 1786 557 1825; x_wconf 92' lang='lat' dir='ltr'><em>non</em></span> <span class='ocrx_word' id='word_1_81' title='bbox 583 1769 656 1826; x_wconf 86' lang='lat' dir='ltr'><em>dicit</em></span> <span class='ocrx_word' id='word_1_82' title='bbox 683 1771 742 1841; x_wconf 85' lang='lat' dir='ltr'><em>hoc,</em></span> <span class='ocrx_word' id='word_1_83' title='bbox 769 1769 838 1844; x_wconf 86' lang='lat' dir='ltr'><em>quia</em></span> <span class='ocrx_word' id='word_1_84' title='bbox 859 1770 899 1825; x_wconf 89' lang='lat' dir='ltr'><em>ibi</em></span> <span class='ocrx_word' id='word_1_85' title='bbox 920 1769 1023 1844; x_wconf 74' lang='lat' dir='ltr'><em>agitur</em></span> 
     </span>
     <span class='ocr_line' id='line_1_17' title="bbox 331 1847 1020 1924; baseline -0.006 -17"><span class='ocrx_word' id='word_1_86' title='bbox 331 1848 368 1907; x_wconf 90' lang='lat' dir='ltr'><em>de</em></span> <span class='ocrx_word' id='word_1_87' title='bbox 390 1847 574 1924; x_wconf 78' lang='lat' dir='ltr'><em>processibus</em></span> <span class='ocrx_word' id='word_1_88' title='bbox 598 1848 730 1907; x_wconf 78' lang='lat' dir='ltr'><em>civilibus</em></span> <span class='ocrx_word' id='word_1_89' title='bbox 754 1859 783 1906; x_wconf 86' lang='lat' dir='ltr'><em>et</em></span> <span class='ocrx_word' id='word_1_90' title='bbox 806 1847 1020 1918; x_wconf 80' lang='lat' dir='ltr'><em>criminalibus,</em></span> 
     </span>
     <span class='ocr_line' id='line_1_18' title="bbox 328 1927 1024 2083; baseline -0.001 -20"><span class='ocrx_word' id='word_1_91' title='bbox 328 1927 766 2082; x_wconf 45' lang='lat' dir='ltr'><em>§immittitu</em></span> <span class='ocrx_word' id='word_1_92' title='bbox 781 1928 1024 2083; x_wconf 57' lang='grc' dir='ltr'>ΞΞΞΞΞΞῘΞΞ</span> 
     </span>
     <span class='ocr_line' id='line_1_19' title="bbox 332 2085 1022 2162; baseline 0.003 -20"><span class='ocrx_word' id='word_1_93' title='bbox 332 2101 430 2162; x_wconf 79' lang='lat' dir='ltr'><em>reges,</em></span> <span class='ocrx_word' id='word_1_94' title='bbox 447 2101 505 2141; x_wconf 89' lang='lat' dir='ltr'><em>una</em></span> <span class='ocrx_word' id='word_1_95' title='bbox 517 2102 582 2142; x_wconf 85' lang='lat' dir='ltr'><em>cum</em></span> <span class='ocrx_word' id='word_1_96' title='bbox 596 2086 842 2162; x_wconf 80' lang='lat' dir='ltr'><em>sacrificatoribus</em></span> <span class='ocrx_word' id='word_1_97' title='bbox 860 2096 889 2142; x_wconf 88' lang='lat' dir='ltr'><em>et</em></span> <span class='ocrx_word' id='word_1_98' title='bbox 902 2085 1022 2144; x_wconf 77' lang='lat' dir='ltr'><em>Levitis.</em></span> 
     </span>
     <span class='ocr_line' id='line_1_20' title="bbox 333 2165 1024 2241; baseline -0.004 -19"><span class='ocrx_word' id='word_1_99' title='bbox 333 2166 402 2222; x_wconf 87' lang='lat' dir='ltr'><em>Hoc</em></span> <span class='ocrx_word' id='word_1_100' title='bbox 415 2173 513 2220; x_wconf 89' lang='lat' dir='ltr'><em>autem</em></span> <span class='ocrx_word' id='word_1_101' title='bbox 534 2182 588 2220; x_wconf 88' lang='lat' dir='ltr'><em>nou</em></span> <span class='ocrx_word' id='word_1_102' title='bbox 604 2165 686 2241; x_wconf 82' lang='lat' dir='ltr'><em>facit</em></span> <span class='ocrx_word' id='word_1_103' title='bbox 706 2166 746 2221; x_wconf 91' lang='lat' dir='ltr'><em>ad</em></span> <span class='ocrx_word' id='word_1_104' title='bbox 754 2166 947 2241; x_wconf 82' lang='lat' dir='ltr'><em>propositum.</em></span> <span class='ocrx_word' id='word_1_105' title='bbox 964 2165 1024 2223; x_wconf 84' lang='lat' dir='ltr'><em>Sed</em></span> 
     </span>
     <span class='ocr_line' id='line_1_21' title="bbox 331 2242 1025 2317; baseline 0.001 -19"><span class='ocrx_word' id='word_1_106' title='bbox 331 2243 404 2317; x_wconf 81' lang='lat' dir='ltr'><em>quia</em></span> <span class='ocrx_word' id='word_1_107' title='bbox 418 2242 520 2298; x_wconf 88' lang='lat' dir='ltr'><em>noiunt</em></span> <span class='ocrx_word' id='word_1_108' title='bbox 541 2242 675 2299; x_wconf 85' lang='lat' dir='ltr'><em>insistere</em></span> <span class='ocrx_word' id='word_1_109' title='bbox 692 2244 721 2299; x_wconf 89' lang='lat' dir='ltr'><em>in</em></span> <span class='ocrx_word' id='word_1_110' title='bbox 735 2245 787 2300; x_wconf 85' lang='lat' dir='ltr'><em>boc</em></span> <span class='ocrx_word' id='word_1_111' title='bbox 802 2247 881 2317; x_wconf 90' lang='lat' dir='ltr'><em>(uam</em></span> <span class='ocrx_word' id='word_1_112' title='bbox 899 2261 954 2300; x_wconf 89' lang='lat' dir='ltr'><em>uon</em></span> <span class='ocrx_word' id='word_1_113' title='bbox 974 2243 1025 2299; x_wconf 91' lang='lat' dir='ltr'><em>du·</em></span> 
     </span>
     <span class='ocr_line' id='line_1_22' title="bbox 334 2321 1023 2396; baseline -0.001 -17"><span class='ocrx_word' id='word_1_114' title='bbox 334 2323 428 2379; x_wconf 91' lang='lat' dir='ltr'><em>bitant</em></span> <span class='ocrx_word' id='word_1_115' title='bbox 440 2321 509 2396; x_wconf 84' lang='lat' dir='ltr'><em>quin</em></span> <span class='ocrx_word' id='word_1_116' title='bbox 515 2322 664 2396; x_wconf 66' lang='lat' dir='ltr'><em>precipue</em></span> <span class='ocrx_word' id='word_1_117' title='bbox 678 2341 720 2378; x_wconf 82' lang='lat' dir='ltr'><em>ex</em></span> <span class='ocrx_word' id='word_1_118' title='bbox 733 2341 784 2380; x_wconf 89' lang='lat' dir='ltr'><em>ore</em></span> <span class='ocrx_word' id='word_1_119' title='bbox 796 2324 905 2379; x_wconf 88' lang='lat' dir='ltr'><em>summi</em></span> <span class='ocrx_word' id='word_1_120' title='bbox 918 2326 1023 2380; x_wconf 88' lang='lat' dir='ltr'><em>Sacer-</em></span> 
     </span>
     <span class='ocr_line' id='line_1_23' title="bbox 332 2400 1024 2477; baseline -0.001 -20"><span class='ocrx_word' id='word_1_121' title='bbox 332 2401 411 2458; x_wconf 81' lang='lat' dir='ltr'><em>dotis</em></span> <span class='ocrx_word' id='word_1_122' title='bbox 432 2400 562 2456; x_wconf 85' lang='lat' dir='ltr'><em>debuerit</em></span> <span class='ocrx_word' id='word_1_123' title='bbox 584 2401 734 2477; x_wconf 85' lang='lat' dir='ltr'><em>proficisci</em></span> <span class='ocrx_word' id='word_1_124' title='bbox 760 2403 906 2476; x_wconf 83' lang='lat' dir='ltr'><em>expositio</em></span> <span class='ocrx_word' id='word_1_125' title='bbox 930 2402 1024 2476; x_wconf 80' lang='lat' dir='ltr'><em>Legis</em></span> 
     </span>
     <span class='ocr_line' id='line_1_24' title="bbox 332 2479 1024 2556; baseline -0.004 -18"><span class='ocrx_word' id='word_1_126' title='bbox 332 2480 402 2549; x_wconf 85' lang='lat' dir='ltr'><em>Dei,</em></span> <span class='ocrx_word' id='word_1_127' title='bbox 419 2479 469 2553; x_wconf 86' lang='lat' dir='ltr'><em>qui</em></span> <span class='ocrx_word' id='word_1_128' title='bbox 481 2479 578 2534; x_wconf 85' lang='lat' dir='ltr'><em>debuit</em></span> <span class='ocrx_word' id='word_1_129' title='bbox 588 2496 650 2535; x_wconf 89' lang='lat' dir='ltr'><em>esse</em></span> <span class='ocrx_word' id='word_1_130' title='bbox 664 2490 799 2555; x_wconf 85' lang='lat' dir='ltr'><em>tanquam</em></span> <span class='ocrx_word' id='word_1_131' title='bbox 816 2481 928 2556; x_wconf 87' lang='lat' dir='ltr'><em>lampas</em></span> <span class='ocrx_word' id='word_1_132' title='bbox 940 2491 1024 2535; x_wconf 86' lang='lat' dir='ltr'><em>caete·</em></span> 
     </span>
     <span class='ocr_line' id='line_1_25' title="bbox 332 2558 1025 2633; baseline -0.001 -17"><span class='ocrx_word' id='word_1_133' title='bbox 332 2560 457 2631; x_wconf 82' lang='lat' dir='ltr'><em>rorum),</em></span> <span class='ocrx_word' id='word_1_134' title='bbox 472 2569 567 2614; x_wconf 89' lang='lat' dir='ltr'><em>tamen</em></span> <span class='ocrx_word' id='word_1_135' title='bbox 577 2558 676 2614; x_wconf 87' lang='lat' dir='ltr'><em>dieunt</em></span> <span class='ocrx_word' id='word_1_136' title='bbox 690 2561 765 2633; x_wconf 82' lang='lat' dir='ltr'><em>quod</em></span> <span class='ocrx_word' id='word_1_137' title='bbox 781 2570 812 2614; x_wconf 90' lang='lat' dir='ltr'><em>tu</em></span> <span class='ocrx_word' id='word_1_138' title='bbox 822 2561 900 2615; x_wconf 88' lang='lat' dir='ltr'><em>maie</em></span> <span class='ocrx_word' id='word_1_139' title='bbox 912 2560 1025 2616; x_wconf 87' lang='lat' dir='ltr'><em>conciu-</em></span> 
     </span>
     <span class='ocr_line' id='line_1_26' title="bbox 335 2636 1024 2713; baseline 0.001 -19"><span class='ocrx_word' id='word_1_140' title='bbox 335 2639 382 2696; x_wconf 88' lang='lat' dir='ltr'><em>dis</em></span> <span class='ocrx_word' id='word_1_141' title='bbox 401 2638 494 2712; x_wconf 82' lang='lat' dir='ltr'><em>:quia</em></span> <span class='ocrx_word' id='word_1_142' title='bbox 513 2647 543 2692; x_wconf 89' lang='lat' dir='ltr'><em>tu</em></span> <span class='ocrx_word' id='word_1_143' title='bbox 561 2637 895 2713; x_wconf 75' lang='lat' dir='ltr'><em>prasuppouissaIsum,</em></span> <span class='ocrx_word' id='word_1_144' title='bbox 911 2636 1024 2712; x_wconf 82' lang='lat' dir='ltr'><em>quanda</em></span> 
     </span>
     <span class='ocr_line' id='line_1_27' title="bbox 334 2716 1024 2791; baseline 0.003 -18"><span class='ocrx_word' id='word_1_145' title='bbox 334 2727 365 2773; x_wconf 92' lang='lat' dir='ltr'><em>tu</em></span> <span class='ocrx_word' id='word_1_146' title='bbox 380 2716 454 2773; x_wconf 83' lang='lat' dir='ltr'><em>dicis</em></span> <span class='ocrx_word' id='word_1_147' title='bbox 471 2716 548 2791; x_wconf 84' lang='lat' dir='ltr'><em>quod</em></span> <span class='ocrx_word' id='word_1_148' title='bbox 566 2717 591 2773; x_wconf 85' lang='lat' dir='ltr'><em>is</em></span> <span class='ocrx_word' id='word_1_149' title='bbox 603 2717 668 2788; x_wconf 89' lang='lat' dir='ltr'><em>suit</em></span> <span class='ocrx_word' id='word_1_150' title='bbox 684 2717 791 2791; x_wconf 80' lang='lat' dir='ltr'><em>figura</em></span> <span class='ocrx_word' id='word_1_151' title='bbox 808 2717 945 2790; x_wconf 78' lang='lat' dir='ltr'><em>praesuiis</em></span> <span class='ocrx_word' id='word_1_152' title='bbox 962 2720 1024 2775; x_wconf 88' lang='lat' dir='ltr'><em>Ra·</em></span> 
     </span>
     <span class='ocr_line' id='line_1_28' title="bbox 329 2794 1024 2869; baseline 0.003 -17"><span class='ocrx_word' id='word_1_153' title='bbox 329 2797 423 2853; x_wconf 86' lang='lat' dir='ltr'><em>mani.</em></span> <span class='ocrx_word' id='word_1_154' title='bbox 439 2797 522 2852; x_wconf 88' lang='lat' dir='ltr'><em>Nam</em></span> <span class='ocrx_word' id='word_1_155' title='bbox 543 2794 649 2851; x_wconf 77' lang='lat' dir='ltr'><em>author</em></span> <span class='ocrx_word' id='word_1_156' title='bbox 666 2794 811 2869; x_wconf 75' lang='lat' dir='ltr'><em>Epistola</em></span> <span class='ocrx_word' id='word_1_157' title='bbox 828 2795 867 2850; x_wconf 87' lang='lat' dir='ltr'><em>ad</em></span> <span class='ocrx_word' id='word_1_158' title='bbox 880 2796 1024 2854; x_wconf 82' lang='lat' dir='ltr'><em>Hebraos</em></span> 
     </span>
     <span class='ocr_line' id='line_1_29' title="bbox 333 2872 1024 2948; baseline -0.003 -16"><span class='ocrx_word' id='word_1_159' title='bbox 333 2893 391 2932; x_wconf 90' lang='lat' dir='ltr'><em>nou</em></span> <span class='ocrx_word' id='word_1_160' title='bbox 405 2874 477 2931; x_wconf 85' lang='lat' dir='ltr'><em>dicit</em></span> <span class='ocrx_word' id='word_1_161' title='bbox 488 2891 551 2930; x_wconf 90' lang='lat' dir='ltr'><em>eum</em></span> <span class='ocrx_word' id='word_1_162' title='bbox 559 2872 794 2948; x_wconf 78' lang='lat' dir='ltr'><em>suissefiguram</em></span> <span class='ocrx_word' id='word_1_163' title='bbox 802 2875 928 2931; x_wconf 88' lang='lat' dir='ltr'><em>Romani</em></span> <span class='ocrx_word' id='word_1_164' title='bbox 939 2876 1024 2932; x_wconf 84' lang='lat' dir='ltr'><em>Anti·</em></span> 
     </span>
    </p>
   </div>
   <div class='ocr_carea' id='block_1_4' title="bbox 0 0 1369 3800">
    <p class='ocr_par' dir='ltr' id='par_1_4' title="bbox 0 0 1369 3800">
     <span class='ocr_line' id='line_1_30' title="bbox 0 0 1369 3800; baseline 0 0"><span class='ocrx_word' id='word_1_165' title='bbox 0 0 1369 3800; x_wconf 95' lang='lat' dir='ltr'><em> </em></span> 
     </span>
    </p>
   </div>
  </div>
 </body>
</html>
