2700 3800
567 537 602 574 ns
622 519 788 576 Pssssvsus
990 522 1023 578 55

329 641 433 698 omnia
449 640 575 719 pulchra
587 660 653 718 quae
664 643 769 699 dicitis.
790 644 859 720 Ego
871 644 941 700 bene
954 644 1027 701 ailo-

328 739 409 797 quar
425 738 511 779 suam
533 722 664 793 barbam,
680 723 793 798 quaudo
811 741 869 800 ego
886 740 1025 781 revertero

327 802 478 872 Parisius,
493 802 546 858 sed
554 802 708 878 postridie,
725 803 752 860 si
758 804 865 879 placet,
881 821 933 861 uos
947 804 1026 862 dice·

330 899 399 939 mus
417 882 511 939 adhuc
529 882 650 958 aliquid.
671 902 687 936 u
709 884 751 939 Et
773 901 830 960 ego
851 884 981 955 discessi,
997 894 1026 941 et

326 962 416 1039 posui
432 970 522 1018 totum
543 962 572 1017 in
593 963 766 1019 memoriam
787 964 862 1020 sicut
882 974 913 1020 tu
933 963 1023 1022 uides.

329 1040 448 1099 Deinde
461 1058 517 1117 ego
531 1042 642 1098 coenavi
651 1043 728 1100 sicut
746 1043 837 1099 moris
857 1053 911 1115 est,
930 1061 1023 1119 quan-

330 1123 373 1179 vis
386 1138 479 1179 essem
492 1121 562 1178 bene
574 1121 677 1193 tristis,
697 1123 767 1198 quia
787 1139 843 1199 ego
856 1122 957 1180 audiui
971 1123 1024 1180 tibi

332 1218 412 1277 sape
423 1200 529 1265 dicere,
541 1201 617 1276 quod
628 1219 683 1258 non
693 1211 808 1278 oportet
822 1202 912 1259 irasci
925 1212 1026 1259 contra
1039 1235 1040 1238 =

331 1297 401 1339 suos
418 1280 582 1339 morsellos.
602 1282 645 1337 Et
662 1281 767 1338 deinde
777 1298 833 1359 ego
848 1281 888 1338 ivi
898 1281 1024 1338 cubitum

328 1370 485 1438 postquam
503 1361 570 1417 dixi
591 1377 727 1437 vesperas
747 1378 827 1418 meas
852 1371 979 1432 secrete,
997 1373 1026 1419 et

333 1457 390 1518 ego
405 1440 531 1497 dormivi
541 1441 616 1497 satis
630 1442 707 1512 bene,
722 1444 790 1517 quia
803 1450 917 1519 oportet
929 1441 1026 1499 vivere

332 1531 366 1577 ut
382 1530 412 1576 tu
424 1520 490 1577 scis.
505 1520 566 1578 Sed
576 1521 616 1577 ad
623 1521 806 1597 propositum
820 1521 906 1579 Juris
926 1522 1023 1580 Cano·

333 1600 400 1671 uici,
424 1599 535 1675 dequo
558 1601 613 1658 iste
632 1600 840 1676 disputaverat,
860 1601 936 1658 inter
954 1602 1024 1659 dor-

333 1678 482 1736 miendum
495 1681 573 1739 uenit
586 1680 660 1737 mihi
671 1698 729 1737 una
738 1681 885 1739 mirabilis
897 1681 979 1751 visio,
997 1693 1025 1738 et

332 1759 424 1818 simul
438 1760 583 1818 resolutio.
601 1761 685 1818 Nam
699 1778 755 1836 ego
766 1762 906 1837 putabam
923 1762 1024 1819 uidere

333 1838 411 1916 quod
432 1849 529 1896 uestra
551 1840 783 1897 Nunc-Abbatia
806 1840 927 1897 canebat
953 1842 1023 1899 mis·

331 1937 407 1990 sam,
434 1929 463 1977 et
483 1920 730 1977 interdicendum
755 1921 811 1979 Per
832 1921 950 1993 omnia,
975 1938 1025 1979 uos

334 1999 523 2058 bombinastis
536 2000 687 2072 altissime,
711 2011 740 2057 et
759 2001 955 2073 canorissime,
968 2018 1025 2078 per

333 2079 467 2138 accidens
482 2099 490 2135 .·
506 2090 532 2139 et
544 2081 645 2137 statim
665 2097 737 2138 uuus
753 2079 885 2138 ribaldus
896 2081 947 2156 qui
959 2091 1025 2138 erat

333 2159 498 2232 hereticus,
510 2169 539 2217 et
551 2161 646 2218 nescio
661 2161 736 2219 uude
751 2170 870 2218 venerat
883 2170 943 2217 tam
956 2161 1021 2230 cito,

300 2249 302 2253 ’
333 2240 436 2296 dixit:
455 2239 675 2312 «Miraculum,
693 2239 877 2311 miraculum,
892 2240 1024 2296 domiuus

332 2320 623 2397 Nuper-Prasidens
645 2319 772 2397 loquitur
786 2316 884 2377 'etiam
902 2337 959 2396 per
974 2336 1022 2376 os-

334 2401 408 2455 tium
423 2399 460 2456 de
475 2409 566 2457 retro.
580 2432 616 2442 -
634 2402 769 2458 Tutemet
780 2399 921 2470 mentiris,
937 2420 952 2452 »
968 2417 1023 2476 ego

333 2478 410 2554 dixi,
421 2500 437 2533 u
444 2479 513 2554 quia
520 2479 602 2537 aliud
610 2490 653 2537 est
661 2480 920 2556 bombinarequam
930 2479 1023 2554 loqui:

333 2558 447 2634 etquid
460 2569 520 2616 tum
536 2560 563 2616 si
578 2560 776 2618 bombinarit?
793 2560 846 2616 hoc
859 2576 914 2615 uon
934 2559 1023 2633 impe-

332 2639 376 2694 dit
386 2640 652 2696 consecrationem:
666 2641 724 2696 imo
736 2641 789 2696 hoc
794 2649 893 2715 posset
898 2639 973 2716 fieri
984 2639 1023 2694 ad

333 2729 393 2776 tam
413 2720 516 2777 bonam
538 2721 725 2777 intentionem
741 2718 817 2795 quod
835 2718 952 2775 bombus
963 2734 1023 2773 ser·

330 2801 406 2858 viret
417 2801 454 2857 de
467 2800 688 2878 thurificatione.
705 2819 720 2854 υ
742 2800 785 2856 Et
804 2799 846 2854 ita
861 2798 915 2855 iste
927 2798 1022 2854 hoere-

357 2971 388 3027 (ι)
404 2971 450 3015 Les
461 2971 538 3016 Lieux
554 2981 673 3015 communs
690 2970 718 3013 de
730 2967 895 3024 Melanchthon,
911 2965 1023 3011 recueillis

329 3047 371 3090 par
382 3034 404 3078 J.
418 3033 525 3090 Manlius,
538 3045 594 3091 page
609 3045 647 3078 101
662 3033 689 3077 de
701 3030 799 3076 l'edition
810 3029 837 3074 de
853 3027 908 3086 1573
918 3041 924 3072 z
935 3028 1022 3075 sacri-
