2700 3800
501 494 537 530 ne
559 476 727 533 Passnvaus
926 497 953 531 tt

259 601 404 678 pondere,
429 610 458 656 ct
471 602 540 676 quia
554 602 603 675 qui
626 611 702 657 tacet
719 600 867 671 consentit,
895 600 958 657 ideo

265 690 311 737 est
323 683 443 756 sactum
458 682 494 737 de
509 681 600 740 nobis.
622 682 733 754 Itaque,
751 681 819 754 quia
833 698 889 757 ego
903 698 958 737 non

259 772 398 838 poteram
421 761 548 836 amplius
563 760 626 835 pati
642 760 703 816 hac
725 760 790 830 dici,
815 760 879 817 ueni
892 761 955 830 huc,

265 852 299 896 ut
313 858 369 917 ego
393 858 533 915 rogarem
556 840 716 896 Dominum
738 840 903 911 Caluinum,
926 850 959 895 ut

266 921 330 997 ipse
356 919 402 975 illi
424 920 613 995 responderet
634 919 669 975 de
691 929 779 995 parte
796 920 874 976 Dei:
890 920 959 995 quia

263 1001 330 1058 sine
353 1000 406 1055 hoc
420 1002 539 1075 sactum
566 1010 608 1056 est
626 1001 662 1055 de
681 1000 815 1057 Ecclesia
835 1000 903 1069 Dei,
930 1009 958 1055 et

265 1080 323 1137 iste
343 1080 463 1155 Lipetus
480 1079 550 1155 plus
570 1079 696 1136 vastabit
717 1098 772 1136 uno
791 1080 846 1149 die,
871 1096 956 1154 quam

263 1177 315 1219 uos
330 1160 544 1235 aedificaveritis
561 1161 589 1215 in
606 1159 688 1215 mille
701 1159 794 1215 annis.
811 1180 826 1212 »
839 1162 882 1215 Et
895 1169 957 1215 sta-

264 1241 319 1296 tim
338 1256 410 1295 unus
433 1250 530 1296 certus
548 1241 697 1309 assistens,
724 1257 809 1313 quem
830 1257 885 1295 non
909 1257 957 1296 co·

262 1320 448 1397 gnoscebam,
475 1321 512 1375 de
537 1338 592 1394 quo
623 1338 678 1376 non
705 1317 791 1376 dares
817 1319 954 1390 liardum,

262 1400 353 1476 coepit
368 1400 493 1456 irridere
518 1410 577 1457 tam
594 1399 752 1475 profunde,
770 1410 801 1455 ut
825 1418 882 1477 ego
901 1418 955 1455 non

258 1482 409 1555 potuerim
430 1482 502 1555 sere
536 1490 633 1535 tenere
664 1480 879 1536 continentiam.
914 1481 957 1536 Et

263 1560 365 1616 dixit.-
390 1560 480 1618 «Vos
501 1578 575 1637 ergo
598 1560 752 1635 loquimini
773 1561 809 1616 de
828 1560 956 1617 Domino

263 1639 577 1715 Nuper-Prandente,
601 1650 680 1696 certe
695 1658 758 1697 ecce
772 1640 876 1697 bonum
899 1659 954 1696 nu-

263 1738 388 1775 merum.
422 1720 572 1789 Quomodo
596 1720 673 1777 ualet
698 1721 842 1778 Dominus
869 1737 956 1779 nasus

264 1802 352 1875 ejus?
378 1810 473 1857 est-ne
498 1816 613 1879 semper
633 1800 754 1857 uestitus
780 1802 815 1857 de
842 1818 956 1857 crame-

262 1880 351 1937 sino?
370 1891 464 1938 est-ne
481 1897 597 1956 semper
615 1880 877 1956 damasquinatus?
902 1877 957 1937 Diss

263 1960 348 2017 celtat
369 1961 457 2018 bonus
479 1961 529 2016 ille
551 1963 704 2037 Magister
725 1972 823 2019 noster
843 1961 879 2017 de
894 1963 957 2017 Ga-

263 2059 376 2118 gneyo,
392 2039 468 2115 quod
479 2058 578 2097 omnes
595 2041 727 2097 haretici
741 2052 826 2098 erant
836 2041 952 2116 pallidi.

268 2121 354 2179 Valet
367 2122 575 2196 consequentia.
591 2122 737 2177 Dominus
750 2122 957 2197 Nuper-Pra-

264 2199 363 2256 sidens
389 2210 432 2257 est
452 2201 525 2257 adeo
544 2202 650 2257 rubeus
671 2201 748 2276 quod
772 2219 829 2257 una
851 2202 958 2277 lagena

265 2279 325 2335 uini
343 2280 499 2356 theologici
518 2280 579 2339 siue
596 2281 735 2351 uermelli,
754 2299 826 2359 ergo
845 2289 958 2336 nonest

265 2456 371 2516 d'esprits
381 2469 424 2513 que
442 2457 463 2501 le
474 2457 512 2502 vin
530 2456 602 2512 blanc,
615 2455 630 2501 it
642 2449 741 2503 dchaufle
756 2455 917 2516 l'imagination
929 2455 957 2502 de

266 2519 393 2565 Messieurs
403 2531 445 2563 nos
461 2519 562 2575 Maltres,
574 2526 597 2562 et
607 2520 640 2564 les
658 2527 705 2563 met
720 2533 748 2563 en
760 2523 804 2564 etat
815 2520 842 2563 de
853 2521 957 2576 penetret·

265 2583 299 2627 les
311 2582 363 2638 ptus
371 2581 598 2636 incomprehensibles
606 2583 717 2638 mysteres
726 2582 753 2626 de
760 2583 782 2625 la
789 2582 831 2626 Foi
839 2581 955 2626 Romaine.

266 2643 371 2689 Arnauld
384 2643 411 2686 de
427 2641 584 2698 vine-Neuve,
604 2643 660 2687 dans
680 2657 720 2687 son
739 2641 905 2705 §ommentaire
917 2655 957 2688 sur
995 2646 1003 2654 '

266 2707 287 2751 le
300 2712 349 2749 mot
365 2705 421 2750 uina
436 2705 548 2748 rubentia
560 2705 589 2749 du
602 2705 634 2749 ch.
649 2704 663 2748 8
681 2705 707 2748 de
719 2705 801 2749 l’Ecole
816 2704 844 2749 de
855 2705 956 2762 Salem,

267 2769 375 2824 &propos
384 2767 424 2811 des
436 2767 489 2812 rins
506 2779 600 2825 rouges,
617 2768 672 2811 dont
686 2766 702 2811 il
719 2766 792 2812 venuit
806 2768 833 2811 de
849 2765 904 2810 faire
915 2767 955 2810 l'e·

266 2830 335 2886 loge:
353 2829 418 2872 Hinc
436 2833 471 2873 est
488 2830 551 2886 quod
573 2829 696 2886 Theologi,
716 2829 740 2873 in
758 2829 956 2885 contemplatione

269 2892 335 2936 circa
353 2891 535 2936 Sacro-Sancta
551 2891 685 2935 Dominicoe
698 2892 820 2948 passionis
832 2891 954 2947 mysteria,

268 2953 359 3010 optima
377 2953 516 3010 cumprimis
527 2954 584 2999 uina
593 2953 713 3010 deligunt,
723 2966 777 3011 quoe
788 2954 816 2998 ob
835 2953 861 2998 id
878 2954 955 3009 ipsum

267 3015 406 3073 Theologica
418 3020 597 3072 nuncupantur.
