2700 3800
559 525 604 562 asc
624 508 788 563 Passavnus
968 527 1015 582 ¹7¹

333 641 463 708 pturam‚
473 629 542 704 quia
551 629 672 686 sineltoc
684 629 765 685 nulla
776 631 891 706 estsere
900 631 1020 690 haeresis

332 728 395 785 quae
413 727 470 765 non
483 708 578 784 possit
594 708 718 764 inueniri
731 709 862 783 fundata
884 711 912 765 in
936 709 1020 768 libris

332 789 518 865 antiquorum
532 789 694 844 Doctorum
709 808 718 842 :
730 797 759 843 et
768 789 842 845 satis
851 799 933 863 patet
945 790 1020 864 quod

332 867 445 943 antiqui
454 868 597 923 Doctores
606 877 798 940 corruperunt
807 868 932 944 infinitos
943 870 1019 926 locos

328 946 496 1022 Scriptura
512 963 570 1021 per
588 962 656 1001 suas
678 944 847 1023 allegorias.
871 949 970 1016 Quare
988 958 1019 1003 tu

333 1026 401 1083 lene
413 1025 503 1095 uides,
517 1024 632 1100 quodsi
644 1023 756 1081 ualeret
775 1035 825 1080 tua
846 1026 1015 1101 Theologia,

331 1104 406 1162 nihil
432 1121 558 1179 unquam
584 1114 661 1161 esset
687 1103 761 1160 certi
790 1104 818 1160 in
845 1105 980 1163 Ecclesia
1008 1126 1017 1161 .·

332 1183 453 1261 ideoque
471 1182 527 1258 ipsi
539 1182 652 1258 antiqui
663 1182 806 1240 Doctores
820 1199 898 1259 saepe
909 1185 1015 1251 dimne,

331 1262 406 1339 quod
420 1261 520 1318 nolunt
531 1262 691 1319 uteredant
702 1262 766 1330 sibi,
783 1261 841 1319 nisi
852 1264 1019 1319 conueniant

330 1359 384 1400 sua
394 1341 475 1399 dicta
485 1358 549 1397 cum
560 1358 645 1398 sacra
658 1341 812 1416 Scriptura
826 1361 835 1396 .·
848 1352 876 1397 et
881 1343 1019 1417 fatentur

331 1422 408 1498 quod
428 1429 587 1496 potuerunt
608 1436 713 1476 errare
728 1430 761 1475 ut
776 1420 912 1477 homines.
935 1422 1019 1479 Sicut

332 1499 473 1557 irascitur
497 1498 680 1575 Augustinus
703 1498 855 1568 lanuario‚
882 1501 1018 1576 confitens

331 1578 408 1654 quod
436 1577 465 1633 in
490 1577 652 1651 Scripturis
678 1577 769 1640 multo
792 1577 881 1653 plura
908 1579 1016 1649 nescit,

330 1674 418 1733 quam
430 1655 514 1714 sciat.
527 1656 586 1713 Sed
594 1656 622 1711 si
627 1672 731 1712 errare
735 1667 858 1731 possunt
864 1657 1015 1727 Doctores,

330 1746 360 1794 et
369 1734 495 1812 populus
504 1734 664 1791 communis
673 1752 727 1790 non
739 1734 813 1810 legit
822 1736 1014 1811 scripturam,

330 1812 382 1872 ulu'
405 1814 465 1870 erit
485 1814 615 1889 fundata
643 1823 693 1869 tua
718 1813 861 1883 Ecclesia,
891 1815 1018 1877 Domine

329 1892 623 1986 Mula-Prusiam?
645 1911 747 1969 nempe
774 1912 863 1970 super
885 1894 1016 1973 glaciem

330 1990 416 2032 sottus
428 1981 531 2039 noctis.

364 2367 477 2426 Dicunt
495 2367 584 2422 etiam
610 2367 660 2424 isti
681 2368 831 2439 haretici,
854 2369 967 2443 quando
985 2378 1016 2425 tu

330 2463 415 2504 uocas
426 2446 549 2502 Petrum
559 2447 700 2503 Ecclesia
710 2448 855 2517 uerticem,
868 2447 1016 2504 mirabiles
1071 2451 1073 2454 ’

329 2525 566 2601 amphibologias
596 2527 657 2582 sive
688 2527 906 2603 prosopopoeias
937 2529 1015 2599 (nam

332 2603 432 2661 tandiu
443 2614 488 2659 est
500 2603 575 2679 quod
584 2621 638 2660 non
649 2606 746 2662 studui
761 2607 789 2660 in
803 2606 1014 2662 Grammatico.

330 2683 407 2759 quod
414 2700 471 2758 ego
474 2683 559 2757 jacio
566 2683 743 2742 soloecismos
755 2685 830 2741 sicut
842 2688 893 2752 tu).
906 2684 1017 2740 Dicunt

331 2779 405 2838 ergo
425 2762 475 2818 isti
491 2762 628 2833 ltaeretici,
649 2764 724 2838 quod
744 2774 774 2819 tu
789 2764 875 2839 ponis
892 2781 1015 2838 regnum

331 2841 424 2916 Papa·
442 2858 532 2916 super
551 2842 611 2911 sub,
635 2842 703 2917 quia
721 2841 782 2897 loco
796 2843 859 2916 ejus
875 2842 949 2916 quod
962 2842 1016 2898 alii

332 2919 438 2990 dicunt,
451 2919 527 2995 quod
534 2920 618 2994 Papa
627 2930 671 2976 est
678 2920 904 2995 fundamentum
914 2921 1016 2978 Eccle-

332 2999 392 3068 sia,
411 2999 481 3072 quia
494 2999 632 3073 seriptum
651 3009 719 3056 est:
738 3001 785 3055 Tu
805 3017 835 3055 es
858 3001 971 3073 Petrus,
986 3012 1016 3056 et
