2700 3800
504 512 539 549 ota
561 495 727 549 Pnssnvsnr
923 496 960 568 <39

263 635 323 693 ego
331 617 450 693 faciam
465 616 493 672 in
506 634 621 693 grosso,
639 628 667 672 et
681 616 776 673 dicam
791 618 871 674 nobis
884 620 961 693 quod

261 716 322 772 ego
346 696 447 753 andini
468 696 526 753 tici
546 698 582 753 de
606 697 661 754 isto
689 697 763 753 libro
782 715 837 772 per
860 699 960 755 varias

262 779 351 834 vices.

300 857 439 913 Primum
453 857 547 932 igitur
559 867 587 911 et
597 867 665 911 ante
677 858 783 928 omnia,
799 858 871 913 scite
885 859 961 933 qnod

264 937 315 993 isti
330 946 443 992 tantum
455 953 505 993 ros
519 936 617 992 rident
639 947 668 992 et
691 948 819 993 nestrum
841 938 956 1007 librum,

263 1015 341 1091 qnod
364 1033 421 1091 ego
444 1016 530 1072 credo
553 1014 629 1089 qnod
655 1016 712 1091 ipsi
730 1017 847 1090 facient
869 1017 959 1073 semel

263 1095 446 1171 imprimere,
465 1106 496 1152 ut
508 1113 625 1170 semper
641 1107 783 1171 appareat
800 1096 959 1153 bestialitas

263 1176 465 1251 Papistarum,
488 1175 564 1232 sicut
585 1176 643 1251 ipsi
660 1177 766 1232 dicunt.
783 1177 959 1251 Praesuppo-

261 1255 321 1311 sito
335 1254 389 1310 ltoc
396 1254 601 1328 fundamento,
621 1265 761 1329 qnantum
775 1255 814 1311 ad
826 1256 958 1330 primum

262 1343 354 1408 caput
368 1335 458 1390 nestri
473 1335 550 1404 libri,
573 1333 671 1390 dicunt
687 1334 764 1409 quod
780 1345 877 1392 nestra
891 1337 959 1391 Nu·

259 1413 528 1489 per-Praesidentia
544 1414 624 1488 facit
639 1432 726 1470 unam
733 1415 880 1491 figuram,
896 1432 960 1489 qna

262 1492 374 1549 dicitnr
397 1493 581 1569 Ignorantia,
609 1502 637 1548 et
659 1493 760 1569 litigat
775 1495 913 1569 salsum:
931 1505 960 1552 et

260 1591 318 1629 non
343 1573 412 1629 bene
436 1573 510 1629 riclit
527 1574 629 1648 pecias
655 1590 744 1648 usque
767 1576 806 1629 ad
825 1576 957 1650 fundum

261 1652 350 1723 sacci,
364 1652 479 1727 quando
491 1652 597 1718 dicitis,
614 1652 691 1727 quod
705 1652 763 1727 ipsi
775 1664 958 1709 contemnunt

261 1732 382 1789 decreta
403 1749 555 1788 sacrorum
580 1731 792 1802 Conciliorum,
824 1743 853 1788 et
880 1734 958 1789 saln-

262 1810 396 1867 berrima
410 1811 552 1882 instituta,
570 1822 598 1867 et
613 1811 690 1886 qnod
703 1822 869 1886 proponunt
880 1813 956 1888 effn-

259 1909 326 1949 sam
342 1890 490 1948 licentiam
502 1891 615 1949 ninendi
625 1912 634 1946 :
657 1901 686 1947 et
707 1891 783 1966 qnod
800 1892 909 1948 veritas
930 1903 958 1948 te

260 1972 440 2028 clementitnr
461 1972 572 2047 soetide
598 1972 686 2047 (qnod
707 1972 834 2027 sorbebit
861 1981 957 2028 vestra

260 2051 594 2126 Nuper-Prasiclentia)
620 2049 734 2126 quando
760 2051 857 2107 dicitis
882 2051 958 2127 quod

260 2129 407 2206 exufflant
419 2130 546 2204 jey‘unia,
564 2140 594 2186 et
607 2130 834 2205 compressiones
848 2133 954 2201 carnis,

260 2220 290 2266 et
305 2219 457 2266 consuetas
471 2209 614 2267 Ecclesia
633 2209 787 2266 orationes.
812 2210 890 2279 Quia
913 2221 957 2267 to-

261 2300 324 2345 tum
346 2289 535 2358 contrarium,
559 2289 616 2364 ipsi
636 2290 797 2363 defendunt
811 2308 845 2347 ea
860 2291 956 2347 omnia

259 2386 328 2444 quae
339 2385 426 2424 sacra
448 2369 582 2425 Concilia
596 2367 779 2439 ordinarunt,
794 2388 844 2426 ros
858 2380 956 2425 antem

253 2447 363 2524 facitis
378 2449 465 2523 pejus
484 2466 570 2523 quam
589 2449 744 2519 Pharisaei,
762 2450 811 2524 qui
824 2449 957 2505 dicebant

259 2545 292 2584 se
304 2544 426 2584 servare
440 2527 545 2603 legem,
569 2538 599 2584 et
621 2529 674 2584 lroc
696 2529 779 2585 titulo
798 2528 956 2604 crucifixe-

260 2616 332 2663 runt
337 2606 440 2683 filium
453 2607 521 2665 Dei.
535 2608 584 2664 Ita
596 2625 646 2663 ros
658 2608 755 2665 dicitis
767 2609 842 2681 qnod
855 2609 956 2664 tenetis

262 2686 398 2743 Concilio
409 2697 603 2758 sacrosancta,
619 2698 753 2743 ettamen
769 2687 842 2742 nihil
849 2688 955 2761 facitis

260 2767 366 2822 minus.
384 2767 473 2836 Item,
493 2768 569 2842 qnod
585 2786 639 2824 non
650 2776 817 2842 proponunt
831 2768 955 2843 effusam

258 2846 376 2904 vivendi
400 2847 558 2915 licentiam,
583 2856 665 2922 patet
693 2864 747 2901 non
774 2855 885 2901 tantum
913 2865 955 2903 ex

260 2926 347 2982 libris
360 2925 499 3000 ipsorum,
513 2928 564 2983 sed
578 2936 606 2981 et
618 2943 658 2980 ex
669 2926 738 2993 nita,
754 2927 819 2981 Deo
831 2927 952 3002 gratia:

260 3015 290 3061 ct
311 3006 386 3080 sere
412 3005 593 3062 mirarentur
620 3003 761 3078 quomodo
788 3016 818 3060 tu
845 3006 954 3062 audeas
