2700 3800
569 508 604 546 ne
625 491 790 547 Possovtuu
991 492 1026 565 39

331 616 510 676 Prcesideus.
545 617 616 692 Ego
638 617 704 692 feci
730 617 783 673 ltoc
806 627 1024 692 argumentum,

332 697 507 755 concludens
523 696 551 752 in
566 697 651 753 modo
665 696 812 774 etfigura,
828 696 956 753 etiamsi
970 714 1028 754 cre-

328 787 404 855 pent
425 776 580 833 haeretici:
600 778 652 833 sed
674 795 730 853 ego
752 795 806 833 nou
831 777 899 832 dixi
921 778 971 847 eis,
996 787 1027 832 ut

333 856 533 933 intelligerem
548 856 670 932 reliqua.
723 912 737 930 s

369 937 480 995 Audite
494 954 576 1011 ergo,
593 946 626 992 ut
636 938 755 993 redeam
771 937 810 993 ad
819 937 1025 1013 propositum:

333 1017 394 1095 ipsi
415 1016 548 1073 dicebant
569 1027 651 1072 tuum
666 1018 850 1091 propositum
869 1035 931 1075 esse
949 1017 1027 1074 male

327 1097 491 1174 fundatum
509 1096 537 1152 iu
557 1114 591 1151 eo
606 1096 682 1171 quod
697 1096 780 1168 dicis,
802 1097 878 1172 quod
895 1097 1027 1154 doctrina

330 1177 433 1235 diuina
458 1194 478 1234 a
500 1176 646 1247 canonica,
671 1186 700 1232 et
722 1177 861 1233 canonica
883 1194 903 1232 a
928 1176 1028 1234 diviua

332 1256 452 1333 sejungi
464 1256 518 1312 vix
533 1272 622 1329 posse
639 1256 794 1312 rideatur:
812 1266 842 1313 et
856 1274 913 1331 per
931 1272 1028 1313 conse·

330 1354 422 1411 quens
433 1335 568 1412 quicquid
584 1345 614 1391 tu
626 1335 753 1413 aedificas
768 1353 857 1411 super
871 1336 949 1393 istud
955 1336 1027 1410 suu·

332 1416 511 1485 dementum,
534 1424 676 1489 quatenus
693 1414 810 1491 quidem
835 1426 865 1472 tu
882 1415 1027 1490 intelligis

327 1513 388 1572 per
414 1494 593 1551 Canonicum
615 1494 793 1570 scripturam
814 1495 871 1552 Jus
896 1494 1026 1552 Canoni-

331 1594 409 1644 cum,
427 1575 458 1631 it
475 1586 519 1632 est
535 1575 714 1651 irregulare.
734 1576 816 1631 Nam
836 1576 935 1632 dicunt
950 1576 1028 1650 quod

332 1654 1028 1730 ueritasipsatellementiturssalratuaNuper·

332 1735 556 1794 Praesidcntiali
567 1734 760 1808 naseitudine)
769 1736 882 1811 quando
897 1746 927 1791 tu
943 1734 1025 1805 dicis,

331 1817 411 1893 quod
428 1816 484 1873 Jus
500 1815 680 1872 Canonicum
694 1825 738 1871 est
750 1815 909 1891 explicatio
927 1831 1027 1871 sensus

332 1895 510 1954 obscurioris
524 1912 618 1954 sacra
631 1894 804 1970 Scriptura.
822 1916 834 1949 ι
846 1896 889 1952 Et
900 1894 975 1970 quod
986 1894 1028 1950 ita

332 1977 382 2047 sit,
398 1997 409 2030 ι
426 1976 540 2033 dicebat
550 1976 612 2045 iste,
631 1997 643 2029 ι
656 1986 740 2051 patet
758 1993 799 2032 ex
817 1975 941 2051 eoquod
959 1984 1028 2031 ante

333 2073 422 2133 quam
432 2056 672 2113 JusCanonicum
680 2066 764 2126 esset,
766 2056 893 2131 suerunt
901 2055 1028 2130 majores

338 2135 483 2212 Theologi
493 2153 580 2211 quam
590 2145 659 2210 post
673 2155 682 2189 :
699 2135 728 2191 in
744 2145 855 2192 tantum
868 2134 945 2210 quod
959 2134 1028 2190 bene

329 2232 488 2292 possumus
509 2215 629 2272 dicere:
651 2215 727 2272 sicut
750 2216 836 2272 Vetus
859 2217 1028 2272 Testamen-

335 2306 399 2351 tum
414 2304 457 2351 est
470 2295 625 2369 Scriptura
636 2295 705 2365 Dei,
723 2295 765 2352 ita
777 2296 834 2353 Jus
848 2293 1027 2351 Canonicum

333 2374 408 2431 niltil
420 2374 502 2431 aliud
516 2385 561 2431 est
573 2392 660 2449 quam
674 2375 832 2450 Scriptura
843 2372 1026 2431 Antichristi.

333 2457 419 2513 Nam
438 2472 503 2512 cum
519 2455 578 2511 sint
596 2465 721 2530 quatuor
741 2455 810 2513 libri
827 2455 910 2513 Juris
930 2454 1026 2513 Cauo-

363 2720 391 2783 (1)
408 2723 445 2767 On
462 2734 527 2766 verra
546 2735 599 2766 avec
617 2722 704 2779 plaisir,
722 2735 751 2766 au
772 2722 856 2766 second
873 2722 973 2780 chapitre
987 2723 1026 2767 des

335 2785 423 2830 Coules
434 2783 521 2841 publies
532 2796 586 2827 sous
598 2784 618 2827 le
637 2797 690 2828 nom
706 2785 734 2828 de
754 2784 909 2828 Bonaventure
925 2786 965 2828 des
980 2786 1023 2829 Pe-

333 2847 402 2903 riers,
411 2859 442 2890 un
454 2852 506 2889 tour
517 2846 595 2889 deson
607 2845 739 2902 metiorque
756 2857 781 2888 ce
790 2845 884 2902 Polyte,
896 2847 988 2892 bouffon
999 2847 1026 2892 de

333 2909 415 2952 l'Abbe
432 2908 459 2951 de
477 2906 605 2963 Bourgueil,
620 2907 672 2962 joua
683 2920 715 2951 un
731 2907 781 2962 jour
796 2907 810 2951 ὲ
828 2921 870 2952 son
886 2922 930 2965 peu
951 2909 1026 2953 choste

333 2971 424 3014 Maltre.
443 2968 602 3013 Domitianus
617 2970 721 3024 stultus,
741 2971 761 3012 le
780 2968 819 3014 lou
836 2971 895 3015 d'unv
906 2971 1026 3028 Seigneur,

333 3045 365 3076 un
375 3032 415 3076 lou
426 3030 464 3087 qui
471 3044 485 3075 a
492 3043 522 3075 un
530 3031 616 3076 maltre.
