2700 3800
568 525 603 561 oe
622 508 790 562 Pnssnvnns
972 508 1016 562 181

340 630 510 707 recipereris
526 646 582 705 pro
595 629 805 704 quinquaginta
829 580 1020 703 pernequiua-

339 711 405 781 lens,
414 709 528 786 quando
539 719 569 764 tu
579 708 797 784 argumentaris
807 708 847 763 ita
858 728 866 761 .·
881 707 949 783 quia
958 725 1020 763 om-

338 788 529 865 uesApostoli
535 797 564 844 et
574 788 702 844 ministri
708 787 868 861 Evangelii
875 805 1018 861 nunquam

337 868 415 926 aliud
427 868 560 943 jecerint
579 883 665 941 quam
688 866 875 941 interpretari
888 867 1019 941 Scriptu-

338 965 401 1005 ras:
416 958 446 1003 et
456 946 520 1003 ideo
532 955 654 1021 apparet
662 945 739 1021 quod
748 955 778 1000 tu
788 963 842 1001 uon
855 946 912 1002 scis
922 945 1020 1021 magis

336 1027 402 1102 quid
414 1026 490 1083 dieis
503 1042 590 1100 qnam
606 1024 777 1081 Triboletus.

371 1108 536 1163 Transeunt
546 1114 651 1160 catera
665 1121 729 1178 qua
741 1114 807 1160 sunt
814 1103 942 1176 ejusdem
958 1122 1018 1160 mo-

336 1196 415 1253 neta,
433 1182 548 1259 quando
561 1193 591 1238 tu
613 1183 740 1257 loqueris
759 1183 795 1238 le
812 1182 919 1239 duobus
929 1183 1015 1258 filiis,

335 1265 383 1338 qui
404 1272 474 1321 suut
493 1261 549 1317 duo
567 1262 761 1329 Testamenta,
787 1271 816 1316 et
835 1261 910 1335 quod
929 1263 1018 1318 Petro

330 1342 504 1418 suitmajor
525 1340 687 1396 authoritas
710 1356 794 1414 quam
821 1340 928 1404 Paulo,
952 1343 1018 1414 quia

336 1421 408 1477 illud
431 1429 476 1476 est
500 1428 609 1474 tantum
632 1418 671 1473 ad
688 1418 870 1492 propositum
880 1429 1016 1492 quantum

335 1499 428 1556 nihil:
449 1506 478 1553 et
498 1497 526 1554 si
545 1497 596 1552 hoc
613 1513 712 1552 verton
737 1505 792 1564 est,
817 1496 928 1552 Paulus
941 1499 1017 1569 jecit

334 1595 422 1634 unum
435 1575 672 1632 mortalissimum
684 1583 833 1648 peccatum
844 1576 956 1648 quondo
970 1596 1016 1634 re-

330 1655 486 1732 prehendit
499 1655 636 1710 Petrum:
650 1654 825 1727 prasertim,
842 1654 910 1726 quia
931 1655 1018 1711 sicuti

333 1736 432 1791 dicunt
455 1733 601 1801 Canones,
626 1732 714 1787 etiam
741 1731 769 1786 si
790 1732 874 1806 Papa
900 1732 1018 1791 duceret

332 1815 431 1889 plenos
441 1828 545 1867 currus
558 1810 723 1865 animarum
744 1810 783 1863 ad
798 1810 952 1884 infernum,
966 1831 1015 1869 ne-

334 1912 379 1950 mo
403 1890 450 1947 illi
472 1889 554 1946 debet
572 1889 697 1945 dicere:
722 1889 786 1945 Cur
807 1889 973 1963 hocsaeis?
987 1904 1016 1948 et

333 1972 419 2028 etiam
446 1969 559 2045 quando
583 1969 611 2022 iu
625 1968 762 2042 Epistola
780 1967 819 2022 ad
839 1969 946 2043 Ephes.
968 1972 1016 2027 ubi

332 2062 434 2106 narrat
445 2046 665 2114 Hierarchiam,
689 2047 749 2120 ipse
758 2047 822 2120 suit
836 2065 907 2104 unus
922 2049 1013 2106 hare-

333 2129 405 2186 tieus
430 2127 580 2183 maximus
604 2124 717 2201 quando
742 2142 795 2181 non
803 2126 881 2200 fecit
894 2130 1013 2186 mentio-

333 2226 394 2264 nem
404 2209 505 2281 Papae,
524 2205 575 2260 sed
588 2222 643 2260 non
650 2204 730 2277 fecit
740 2204 796 2260 uisi
808 2223 893 2261 unum
900 2207 1013 2279 sunda·

332 2296 458 2344 mentum
488 2285 589 2340 lesum
627 2284 788 2340 Christum.
821 2286 864 2341 Et
897 2288 1013 2360 pariter
1064 2328 1066 2333 .

331 2365 443 2440 quaudo
460 2362 576 2437 scripsit
598 2362 637 2417 ad
656 2364 810 2431 Romanos,
832 2364 932 2420 hahuit
950 2384 1011 2424 ma·

330 2460 420 2519 gnam
434 2441 573 2517 injuriam
594 2441 668 2516 quod
687 2457 741 2496 non
758 2441 896 2499 salutavit
907 2444 1013 2503 Domi-

293 2562 300 2569 ·
331 2520 1010 2597 numPapam.Itemestmanisestushaereticus‚

330 2601 441 2675 mando
453 2609 585 2655 numerat
598 2598 827 2656 intercolumnas
836 2618 900 2657 cum
910 2603 1008 2671 Petro,

329 2679 468 2736 lacohum
490 2688 518 2733 et
536 2678 676 2734 loannem
697 2697 705 2730 :
732 2687 760 2733 et
783 2680 870 2735 etiam
885 2681 936 2737 dat
945 2685 1010 2758 pri-

355 2881 382 2937 (¹¹
397 2879 523 2934 Triboutet,
532 2880 622 2924 bouffon
635 2880 665 2923 du
680 2880 721 2924 Roi
736 2880 805 2924 Louis
816 2881 865 2925 xli.
877 2882 933 2928 Voir
944 2887 964 2930 le
975 2901 1009 2932 se·

329 2940 384 2984 cond
397 2941 495 2998 chapitre
504 2941 545 2986 des
561 2941 646 2986 Contes
655 2941 682 2984 de
698 2941 850 2988 Bonaventnre
861 2944 900 2988 des
914 2947 1009 2998 Periers.

328 3009 349 3044 et
357 3003 379 3046 ln
389 3003 448 3048 Note
466 3015 489 3078 tl
509 3016 547 3046 sur
558 3004 578 3047 le
591 3003 625 3048 ch.
637 3002 666 3046 36
675 3003 704 3046 du
716 3002 738 3046 3⁶
747 3004 801 3048 livre
815 3005 842 3050 de
852 3007 960 3056 Rabeleis.

904 3104 930 3146 16
