2700 3800
494 518 530 556 ns
552 502 719 559 Psssnvnnr
930 523 948 579 9

257 624 413 695 cabnndus,
438 626 575 682 eteniam
596 620 714 702 pariter
734 627 848 683 aestimo
873 628 949 703 qnod

257 706 382 783 capietis
398 706 425 761 in
432 707 501 780 joco
510 708 752 782 postprandinm.

294 786 345 844 Sic
361 786 455 862 igitur
464 787 505 860 (nt
515 804 571 862 ego
583 787 731 863 incipiam)
741 787 850 844 debetis
861 789 946 860 seire,

258 866 406 941 qnodseci
421 876 530 923 tantum
541 884 598 941 per
613 885 691 923 meos
705 868 776 937 dies,
793 867 870 944 quod
884 870 949 926 neni
1037 862 1040 866 ⁴

257 948 297 1003 ad
312 946 479 1003 Gebennam
502 946 593 1014 illam,
609 965 696 1023 quam
721 957 879 1023 tantopere,
897 967 947 1005 ne-

258 1044 314 1102 que
334 1026 397 1091 sine
410 1043 505 1095 cansa,
525 1027 635 1086 odistis.
657 1028 735 1097 Quia
742 1030 877 1104 profecto
892 1046 948 1106 ego

258 1107 397 1183 cogitavi,
415 1107 490 1183 qnod
513 1106 591 1163 dicta
605 1118 681 1164 esset
704 1109 848 1178 Gebenna,
865 1110 949 1183 quasi

257 1189 351 1263 Papoe
370 1188 514 1244 Gehenna.
539 1188 581 1243 Et
592 1197 745 1263 postquam
764 1189 837 1259 veni,
854 1199 882 1245 et
903 1207 949 1246 me

259 1268 391 1324 debotani
402 1268 549 1337 audacter,
562 1268 631 1342 qnia
640 1285 724 1323 nemo
738 1286 861 1343 unquam
877 1270 950 1325 mihi

258 1348 341 1404 dixit
350 1350 436 1424 pejus
457 1365 543 1422 quam
564 1365 665 1403 nomen
691 1366 795 1418 meum,
814 1348 842 1403 in
859 1350 949 1406 conti-

258 1428 339 1484 nenti
364 1436 476 1484 memor
504 1427 645 1501 practicae
669 1438 782 1498 vestre,
810 1446 866 1505 ego
885 1428 950 1503 feci

260 1508 364 1564 bonam
379 1508 497 1578 minam',
515 1508 629 1564 dicens:
646 1528 660 1561 n
677 1508 800 1583 anam
814 1526 871 1584 ego
885 1527 949 1566 snm

260 1589 346 1645 laetns
370 1588 446 1663 qnod
460 1602 521 1665 ego
529 1588 593 1645 neni
617 1588 645 1643 in
666 1588 752 1645 istam
773 1589 874 1645 bonam
892 1607 949 1665 pa-

260 1667 351 1725 triam
373 1667 553 1744 Evangelii!
576 1687 591 1721 n
614 1676 643 1723 et
665 1685 738 1724 unns
761 1668 842 1724 dixit
866 1670 946 1742 mihi,

258 1747 336 1823 quod
355 1764 410 1823 ego
433 1764 524 1804 essem
548 1747 616 1803 bene
638 1758 747 1804 ventus.
769 1748 949 1805 Posteanos

255 1827 362 1904 pransi
379 1843 486 1894 snmus,
513 1836 542 1882 et
572 1827 647 1882 inter
665 1826 870 1903 prandendum
885 1845 949 1905 vego

259 1907 355 1982 incepi
363 1909 467 1981 jacere
487 1908 575 1964 verba
589 1907 625 1962 de
648 1917 745 1964 nostro
760 1908 886 1984 negotio,
903 1909 949 1963 di-

258 2003 344 2044 cens:
359 2007 374 2040 n
388 1987 548 2062 Egonenio
559 1988 594 2042 de
605 1987 750 2056 Parisios,
760 1987 811 2043 nbi
821 2004 878 2063 ego
889 1988 951 2044 vidi

258 2083 399 2142 magnam
418 2066 570 2141 pietatem.
598 2098 634 2108 -
657 2068 701 2124 Et
723 2066 842 2143 qnid?»
870 2066 951 2123 dixit

259 2145 347 2202 alins.
362 2147 433 2220 Ego
453 2146 539 2201 dixi:
563 2166 578 2199 n
595 2147 739 2204 Comburi
760 2156 874 2203 sanctos
896 2147 948 2203 ho-

261 2225 445 2283 minessicut
452 2225 624 2299 fasciculos.
640 2246 656 2279 n
671 2227 732 2283 Sed
742 2243 799 2303 ego
814 2227 950 2301 loquebar

256 2322 314 2382 per
329 2305 494 2360 irrisionem
512 2325 521 2360 .·
543 2315 571 2362 et
583 2304 684 2361 deinde
698 2305 836 2379 docuistis
849 2324 904 2374 me,
922 2316 951 2362 et
971 2344 974 2349 »

258 2385 304 2441 Μ.
322 2394 419 2440 noster
439 2384 593 2453 Picardns,
615 2385 691 2459 quod
709 2385 827 2441 mentiri
849 2385 888 2440 ad
900 2385 949 2441 bo-

259 2481 328 2519 nam
355 2461 540 2520 intentionem
570 2481 623 2519 non
649 2475 694 2520 est
717 2465 838 2521 maium.
863 2466 949 2521 Prae-

260 2554 341 2600 terea
362 2543 447 2599 dixi:
464 2564 479 2597 ι(
494 2545 562 2600 Νοη
584 2554 629 2600 est
650 2545 791 2601 tumultus
814 2545 948 2603 Parisios

259 2641 347 2700 quam
372 2623 409 2679 de
428 2623 555 2680 Domino
576 2624 686 2700 Lipeto,
714 2625 948 2700 Nuper-Presi-

260 2705 346 2759 dense
357 2713 386 2758 et
394 2703 717 2762 Nunc-AbboteSancti
725 2705 850 2761 Victoris
857 2723 949 2781 prope
980 2772 985 2782 Ι

260 2800 360 2840 muros
374 2783 517 2854 Parisios,
530 2783 580 2859 qui
592 2784 671 2859 secit
685 2802 771 2840 unum
788 2785 948 2841 terribilem

262 2863 369 2920 librum
383 2862 522 2920 adversus
534 2862 878 2940 Pseudo-Evangelicam
889 2865 948 2921 hae-

261 2943 372 2999 resim:
397 2941 470 2999 adeo
485 2953 517 2999 ut
536 2942 635 2999 dicant
648 2944 724 3018 quod
745 2960 796 3000 nos
818 2944 950 3000 heretici

262 3038 316 3078 non
336 3021 545 3098 respondimus,
566 3022 702 3098 quianon
715 3022 866 3099 potuimus
885 3039 947 3079 res·
